2990 4970
365 426 433 498 196
616 431 782 496 tuomet
812 429 1197 496 CHALCOCONDYLAE

362 583 532 648 δίστανται
561 584 596 648 δὲ
619 582 676 648 καί
696 585 727 658 ἐς
748 581 805 658 τὰς
826 575 923 656 ittae
945 579 1034 656 δίκας
1056 579 1225 663 δικασταί,
1245 581 1309 643 τιόν
1332 601 1364 643 τι
1383 579 1438 642 iar.

362 689 491 766 χωρίων
523 677 613 747 ἄλλοι
642 687 700 748 καί
732 685 766 756 ἐς
795 680 870 756 τινός
892 684 998 760 ξίνους
1023 673 1124 745 ἄλλοι.
1167 683 1221 744 ἐπί
1240 677 1362 754 τούτοις
1380 680 1439 762 ἐφι·

362 785 473 848 στοῖσιν
495 777 651 865 ἄρχοντας
673 781 918 866 τεσσαράκοντα,
938 782 970 856 ἐς
993 778 1049 853 σός
1070 777 1200 844 ἐπειδὰν
1221 776 1256 843 αἱ
1277 781 1360 843 δίκαι
1379 777 1439 841 rire-

364 885 541 965 νεχθῶσιν,
564 877 737 947 εόθόνουσι
768 881 826 955 τός
844 879 977 965 ψήφους
1000 876 1034 956 ἐς
1054 878 1089 943 τό
1109 884 1220 964 σφίσιν
1241 876 1285 955 σός
1306 875 1440 960 κράτιστα

364 981 450 1064 ἔχειν
471 984 592 1047 δοκοῦν.
635 975 675 1066 ἢν
693 983 730 1046 δὲ
751 977 797 1063 μὴ
820 981 1050 1065 συμφέρωνται
1071 981 1104 1053 dc
1123 977 1178 1062 τὴν
1202 980 1303 1063 δίκην,
1327 977 1378 1042 ἐπὶ
1396 975 1458 1058 riri

363 1085 428 1146 sair
448 1085 570 1164 κληταῖν
585 1079 706 1166 βουλήν
727 1083 939 1166 ἀναφέρεται,
961 1079 1055 1144 arisai
1080 1085 1384 1162 πολυπραγμονεῖται
1400 1077 1442 1138 καὶ

363 1179 422 1264 τήν
442 1179 601 1264 α’πόβασιν
620 1180 715 1265 ἴσχει.
759 1183 825 1246 εἰσί
843 1181 903 1260 μὲν
925 1172 981 1244 σόν
998 1177 1054 1244 καί
1072 1171 1167 1244 όλλαι
1186 1179 1289 1261 α’ρχαί
1312 1177 1368 1239 oris
1389 1173 1442 1240 όλί-

364 1307 419 1366 γαι
442 1283 498 1364 τῆς
520 1279 667 1365 πόλεως,
700 1283 844 1367 φυλακῆς
866 1303 900 1344 τε
927 1282 1000 1362 πδρι
1023 1273 1224 1363 καθήκεσαν,
1248 1279 1305 1343 καί
1332 1275 1364 1352 ἐς
1383 1273 1443 1348 rode

364 1380 474 1456 νυκτός
495 1382 647 1446 δστασίαν
675 1379 745 1446 τινό
769 1382 802 1454 ἐς
823 1377 880 1463 τὴν
908 1379 1001 1444 πόλιν
1020 1373 1225 1460 πράσσοντας.
1268 1380 1325 1442 καί
1343 1378 1443 1458 α’γορα·

332 1485 456 1561 Βνόμοι
470 1477 570 1563 ἕτεροι
588 1480 808 1564 καθίστανται,
828 1478 901 1556 τοός
915 1479 1035 1563 φόρους
1045 1481 1107 1542 ταῖν
1127 1481 1183 1542 ἐπί
1192 1501 1253 1542 τινι
1269 1475 1444 1558 πραγμάτων
1452 1479 1474 1530 u

366 1579 421 1644 καί
432 1583 466 1656 ἐς
479 1578 535 1654 τός
548 1577 725 1662 προσόδους
740 1581 795 1662 τῆς
809 1578 929 1654 πόλεως
945 1578 1141 1663 ἀπαιτήσεις,
1164 1575 1194 1641 oi
1214 1577 1252 1662 δὴ
1270 1573 1330 1651 τός
1343 1567 1445 1656 προσό-

366 1681 442 1754 δους
456 1675 641 1762 πράττοντες
654 1675 888 1758 καθιστάμενοι,
908 1679 959 1764 ἐφ’
975 1675 1031 1752 σός
1050 1677 1088 1761 δὴ
1106 1677 1146 1741 τό
1159 1678 1214 1760 τῆς
1228 1671 1390 1758 ξυμπάσης
1401 1669 1446 1736 πό·

367 1785 445 1854 λεως
468 1775 618 1861 χρήματα
639 1779 694 1842 καί
713 1774 744 1842 oi
766 1774 859 1862 φόροι
879 1777 1103 1863 ἀναφέρονται.
1128 1769 1277 1866 ἄρχοντες
1299 1777 1336 1841 δὲ
1359 1770 1386 1838 οἱ
1403 1794 1446 1854 γε.

368 1878 574 1962 ραιότεροίτε
598 1875 652 1941 καί
666 1877 820 1957 όξιιόματι
840 1881 988 1958 προέχειν
1001 1877 1164 1950 δοκοῦντες
1186 1879 1390 1940 καθίστανται
1402 1867 1444 1935 διό

367 1982 441 2060 βίου
463 1975 505 2051 ὥς
528 1978 664 2059 ἐργῶδες
686 1971 723 2040 όν
742 1980 812 2040 κατ’
841 1973 985 2040 ἐνιαυτόν
1006 1977 1189 2058 λογίζεσθαι
1208 1973 1265 2049 τός
1287 1971 1474 2059 προσόδους15

317 2087 319 2092 ’
367 2099 403 2142 rs
423 2079 478 2142 noi
495 2074 624 2156 ἐξόδους
642 2081 701 2160 τῆς
719 2077 837 2152 πόλεως
848 2127 857 2158 ,
889 2073 906 2140 ii
927 2099 960 2140 τι
981 2070 1021 2141 όν
1036 2073 1216 2160 α’πογὲνοιτό
1242 2099 1277 2140 τε
1297 2073 1353 2139 καί
1373 2096 1448 2154 περι-

367 2180 490 2260 γένοιτο
514 2175 620 2242 naiasin
638 2179 701 2242 τοότ
718 2176 903 2262 χρημάτων.
948 2177 1011 2240 aiud
1032 2179 1092 2259 μὲν
1113 2167 1172 2240 σόν
1192 2175 1310 2240 τοότυυ
1331 2171 1447 2258 αἱροῦν-

369 2301 423 2341 ται
446 2280 559 2362 σφίσιν
580 2272 726 2359 ἡγεμόνα,
748 2275 878 2341 ἐπειδόν
898 2274 992 2362 σφίσι
1020 2273 1201 2363 τελευτήσῃ.
1244 2277 1277 2351 ἐς
1296 2271 1333 2340 τό
1355 2275 1448 2356 πρῶτα

370 2377 465 2460 τιμῆς
487 2373 656 2461 α’νήκουσιν
678 2377 711 2453 ἐς
730 2375 845 2462 ταύτην
866 2375 924 2460 τήν
939 2379 1121 2440 πολιτείαν·
1166 2373 1241 2450 τοός
1266 2397 1300 2438 τε
1322 2375 1382 2457 γὰρ
1400 2377 1448 2453 δη·
1483 2391 1484 2449 t

370 2473 512 2556 σαυροός
542 2480 598 2540 καί
623 2475 678 2551 τός
712 2478 889 2561 προσόδους
915 2477 1077 2562 ἐφορῶσιν
1097 2467 1182 2541 οὗτοι
1203 2473 1261 2540 καί
1278 2471 1476 2558 darnuensi-ii

268 2581 297 2634 P.
312 2581 362 2634 105
372 2595 455 2638 ουσι.
495 2578 730 2659 χρηματίζουσι
751 2578 787 2640 δὲ
809 2578 921 2662 σφίσιν
943 2577 975 2650 ἐς
997 2574 1053 2660 τὴν
1075 2576 1180 2658 ἀρχὴν
1205 2569 1449 2659 arianimirus]

235 2677 238 2686 '
371 2671 501 2759 ἡγεμόνι
522 2671 769 2758 παραγενόμενοι
791 2673 860 2740 ἔστι
885 2675 1035 2759 α’κρόασιν
1068 2679 1231 2759 πρέσβεων
1252 2673 1309 2739 καί
1328 2676 1388 2738 τῶν
1404 2693 1448 2754 με·
1482 2743 1483 2755 ς

441 2849 467 2902 4.
487 2849 534 2918 ὥς]
555 2853 603 2910 ἐπὶ
620 2850 651 2907 τό
671 2850 743 2914 ὥςΡ
813 2851 840 2906 8.
860 2856 926 2907 καθ’
945 2851 1073 2926 ἡμέραν.9
1089 2869 1125 2906 an
1143 2856 1209 2908 euri*
1228 2849 1369 2920 διτόστγνλ

372 3023 500 3084 virorum,
519 3020 553 3072 ad
571 3038 639 3092 quos
657 3022 805 3074 sententias
824 3039 904 3092 super
921 3021 1067 3094 puniendis
1081 3021 1205 3074 sontibus
1224 3023 1411 3084 transmittant,
1425 3026 1448 3069 ui

373 3092 520 3162 dispiciant
540 3109 605 3144 num
623 3093 734 3164 stipsis
752 3096 904 3145 sententiae
930 3097 1032 3164 optime
1051 3094 1152 3146 habere
1172 3093 1324 3146 videantur.
1360 3095 1380 3146 si
1399 3107 1448 3142 sen·

372 3167 476 3216 tentiae
494 3162 684 3234 displicuerint
705 3172 732 3216 et
758 3165 811 3236 ipsi
830 3166 901 3216 inter
919 3181 947 3216 se
966 3163 1150 3226 dissenserint,
1165 3168 1304 3234 negotium
1323 3172 1404 3218 toturn
1421 3159 1447 3209 ad

373 3243 544 3287 evocatorum
565 3243 688 3287 senatum
710 3235 834 3288 refertur.
880 3235 924 3286 hic
945 3237 1097 3289 sententias
1120 3238 1205 3288 multa
1223 3234 1365 3304 diligentia
1383 3249 1447 3286 erca-

374 3307 477 3358 tiuutur
498 3313 525 3357 et
547 3305 656 3356 taudem
676 3305 710 3357 ad
729 3305 809 3358 iidem
828 3305 971 3358 ducuntur.
1016 3315 1080 3360 sunt
1099 3316 1127 3358 et
1146 3308 1191 3358 aiii
1214 3310 1381 3376 magistratus
1398 3305 1447 3372 ptu-

373 3378 434 3427 rimi
459 3380 488 3428 iu
513 3376 663 3428 custodiam
693 3377 766 3428 urbis
788 3379 944 3448 comparati.
982 3387 1045 3430 sunt
1072 3377 1173 3448 quibus
1191 3381 1331 3446 negotium
1350 3373 1447 3431 civitatis

373 3447 541 3498 commissum
561 3457 601 3498 est
616 3449 643 3499 iu
668 3463 714 3498 eos
734 3449 781 3517 qui
801 3446 982 3500 deiectionem
1006 3449 1125 3519 aiiquam
1144 3449 1200 3500 sive
1220 3452 1367 3502 tumultum
1380 3453 1446 3498 noctu

373 3520 519 3570 concitant.
558 3525 666 3568 suntet
685 3535 771 3570 rerum
790 3520 925 3570 sersalium
952 3529 1033 3590 atque
1052 3520 1121 3571 adeo
1143 3523 1226 3571 totius
1246 3522 1299 3572 fori
1320 3513 1447 3590 praesides.

374 3591 420 3640 eiii
441 3587 596 3658 praesident
621 3588 799 3657 vectigalibus
828 3607 931 3652 rerum,
961 3591 1007 3641 aiii
1032 3600 1097 3642 sunt
1118 3591 1282 3643 tributorum
1301 3600 1329 3644 et
1348 3587 1447 3642 civitatis
1479 3595 1480 3671 φ

374 3661 509 3711 redituum
531 3667 676 3710 exactores.
713 3660 823 3728 quidam
845 3662 992 3730 praepositi
1011 3670 1074 3713 sunt
1086 3661 1262 3730 vectigalibus
1275 3671 1304 3714 et
1323 3659 1446 3714 reditibus,

374 3729 408 3780 ad
429 3747 497 3800 quos
516 3729 655 3781 universae
685 3731 801 3782 civitatis
821 3749 886 3802 opes
906 3731 1033 3783 adhibitis
1056 3733 1276 3784 observatoribus
1298 3731 1446 3785 deteruntur·

373 3803 541 3867 magistratus
561 3801 604 3852 bic
623 3809 731 3852 constat
747 3803 810 3853 viris
833 3811 921 3853 aetate
944 3811 971 3854 et
989 3801 1137 3854 honoribus
1158 3805 1330 3872 gravissimis,
1351 3803 1393 3874 qui
1409 3814 1447 3868 per

374 3873 522 3922 universam
544 3873 622 3922 vitarn
643 3872 721 3922 isturn
742 3875 922 3942 magistratum
938 3873 1065 3936 retinent,
1085 3876 1148 3944 quia
1167 3873 1275 3926 difficile
1294 3873 1396 3928 ridetur
1410 3885 1445 3918 ac·

374 3950 452 4011 cepta
474 3950 502 3992 et
519 3959 636 4010 expensa
655 3944 781 4009 civitatis,
802 3945 868 4016 quid
887 3942 1054 4014 expendatur
1070 3952 1098 3997 et
1116 3944 1182 4014 quid
1202 3947 1329 4014 supersit,
1348 3949 1446 4015 quotan·
1478 3958 1479 3977 ι

373 4011 416 4062 nis
438 4021 591 4080 computare
612 4022 640 4064 et
659 4015 764 4082 singula
785 4016 812 4065 iu
832 4016 946 4066 rationes
971 4015 1079 4067 referre.
1118 4033 1151 4066 ex
1169 4015 1211 4068 his
1230 4015 1283 4068 sibi
1305 4015 1394 4067 ducem
1411 4029 1445 4061 ιι·

372 4081 462 4152 piuut,
480 4082 589 4152 quando
618 4085 640 4134 is
660 4101 707 4152 qur
726 4101 814 4136 rerum
832 4085 938 4154 potitur
961 4094 1082 4138 mortuus
1100 4085 1192 4138 inerit.
1229 4089 1276 4158 qui
1295 4087 1330 4139 ad
1347 4087 1444 4155 primun

374 4151 513 4219 dignitatis
532 4152 619 4204 iocum
637 4157 723 4206 erecti
742 4157 853 4219 suerint,
873 4157 906 4206 ad
928 4157 1007 4208 istum
1025 4155 1132 4210 tandem
1153 4156 1282 4210 honorem
1300 4171 1444 4228 promorea-
1477 4183 1478 4214 3

375 4230 425 4273 tur.
463 4221 603 4274 thesauros
632 4233 714 4295 atque
744 4228 829 4278 totiur
849 4227 923 4277 urbis
942 4243 1007 4297 opes
1027 4235 1053 4279 et
1083 4227 1185 4279 reditus
1206 4229 1353 4299 inspiciunt
1370 4235 1395 4278 et
1410 4235 1444 4273 ta·
1477 4231 1478 4282 i

373 4301 473 4346 tantur.
512 4307 604 4344 eorum
628 4293 742 4348 officium
762 4305 818 4360 eat,
839 4297 885 4348 ubi
908 4299 1091 4366 magistratum
1113 4297 1185 4352 huno
1202 4301 1333 4363 inierint,
1352 4293 1443 4350 consui·
