3092 4958
235 449 236 454 Ὶ
317 367 358 427 Vl
503 365 754 430 lMldANUELlS
784 365 956 428 BEKKERl
989 366 1242 445 Paterculo„

320 520 461 620 recepit
497 536 535 595 et
555 524 662 598 variis
693 523 913 596 lectionibus
945 523 1092 621 suisque
1126 522 1343 598 coniecturis
1365 546 1408 597 ae

317 647 414 718 notis
440 648 615 721 instruere
637 648 780 744 coepit,
806 671 892 718 mox
913 646 1065 743 propius
1076 646 1262 745 cognitum
1278 647 1407 718 simul-

316 794 390 866 que
416 769 646 868 desperatum
680 768 726 844 de
753 771 922 842 manibus
952 768 1124 866 deposuit
1145 795 1267 867 neque
1292 771 1409 871 attigit

316 894 485 990 amplius,
506 891 627 967 donec
660 891 803 968 fastidio
829 917 896 966 suo
922 891 1141 977 immortuus
1165 891 1407 975 hereditatem

317 1017 503 1089 molestiae
524 1015 617 1088 mibi
641 1017 848 1091 transmisit.
1070 1010 1072 1019 ’

414 1139 540 1212 Variae
557 1155 692 1235 autem,
717 1163 808 1238 quas
824 1140 1039 1234 memorari3
1063 1140 1239 1214 lectiones
1261 1152 1340 1214 turn
1366 1165 1410 1213 ex
1531 1207 1532 1216 ,

317 1259 507 1336 codicibus
531 1264 649 1362 Regiis
671 1265 861 1337 aFabroto
887 1263 1026 1336 collatis
1049 1265 1185 1362 petitae
1210 1277 1307 1360 sunt,
1329 1278 1410 1338 tum

316 1411 358 1458 ex
382 1387 596 1487 apographo
618 1387 854 1486 Tubingensi,
879 1388 938 1460 oui
965 1386 1076 1462 index

511 1511 699 1582 Νικολάου
729 1505 994 1584 Χαλκωδύλου
1028 1509 1233 1609 ἱστθρικόν,
1255 1505 1345 1582 liber
1367 1535 1411 1582 τε

510 1611 670 1733 sindono
691 1635 728 1706 ol
754 1637 1204 1732 αὐθένταιτῶνΤούροον
1226 1631 1290 1706 καὶ
1313 1636 1413 1735 πρά-

507 1757 576 1844 ξεις
614 1762 738 1831 αὐτῶν
777 1759 841 1830 καὶ
878 1753 1202 1858 α’νδραγαῧήματα
1240 1751 1302 1842 ἕως
1337 1763 1411 1830 τῶν

508 1875 852 1981 ἀνδραγαθημώεων
900 1890 971 1976 τοῦ
1013 1885 1174 1980 μεγάλου
1222 1883 1411 1956 adbertus

510 2011 580 2079 τοῦ
604 2011 823 2108 Μεχμέτεω.
1064 2011 1067 2018 ’

320 2166 324 2176 ·
407 2163 412 2182 ··
512 2130 665 2206 studiosi
701 2134 870 2229 iuvenes,
899 2132 1002 2208 docti
1033 2147 1072 2208 et
1101 2135 1219 2230 boni,
1242 2133 1337 2206 mihi
1359 2132 1411 2206 Μ.

510 2259 666 2348 Martino
682 2254 822 2354 crucio,
845 2257 1032 2357 'tubingae
1055 2259 1245 2358 utrimque
1265 2258 1413 2356 linguae

508 2383 666 2477 doctori,
688 2381 871 2456 amicitiae
895 2407 982 2481 ergo
1007 2381 1245 2480 descriptum,
1270 2382 1412 2474 menei·

513 2510 583 2586 bun
603 2507 733 2580 Martio
760 2522 796 2581 et
820 2507 947 2605 Aprili,
971 2531 1070 2582 anno
1102 2511 1209 2580 1575.
1238 2544 1242 2553 ·

509 2633 697 2729 exemplar
721 2633 841 2730 ipsum
867 2632 976 2704 nimis
1000 2656 1067 2729 por
1090 2653 1129 2703 se
1153 2629 1222 2703 luit
1245 2626 1409 2705 mendo-

508 2781 603 2850 sum,
628 2769 666 2829 et
687 2780 755 2830 nos
774 2753 822 2828 de
847 2753 1024 2828 industria
1048 2779 1172 2827 sumus
1197 2752 1237 2826 id
1260 2751 1411 2826 imitati.

312 2894 511 2978 utrumque
532 2905 646 2978 genus
671 2903 748 2952 non
765 2879 1053 2953 exhauriendum
1069 2879 1162 2952 mihi
1183 2879 1321 2976 putavi,
1345 2877 1415 2952 sed

315 3004 574 3078 delibandum:
611 3029 696 3078 nam
729 3007 794 3080 ubi
819 3003 936 3078 codex
967 3004 1098 3102 aliquis
1130 3003 1253 3085 ταύτῃ
1277 3001 1417 3076 habeat

311 3153 381 3227 pro
405 3130 540 3230 ταύτῃ,
564 3129 674 3203 ubire
700 3132 739 3200 ἐκ
753 3134 823 3200 τοῦ
840 3127 987 3201 siedron
1000 3127 1196 3228 legendum
1211 3149 1410 3225 propona-

313 3265 373 3326 tur
397 3279 466 3352 pro
492 3256 531 3324 ἐκ
556 3258 626 3324 τοῦ
650 3252 809 3351 εἰκότως,
834 3253 874 3328 id
892 3279 979 3328 rero
1007 3278 1114 3328 nosse
1137 3252 1239 3326 cuius
1259 3249 1415 3324 undem

315 3390 436 3474 potest
460 3379 659 3450 intercessi

412 3501 608 3602 Subiungit
631 3502 748 3577 editio
774 3504 985 3576 Parisiensis
1006 3515 1044 3573 et
1067 3501 1223 3573 Annales
1248 3499 1417 3572 sultano·

313 3649 395 3697 rum
422 3626 730 3702 Otbmanidarum
769 3626 1030 3700 aLeunclario
1061 3625 1187 3698 Latine
1223 3647 1345 3696 versos
1376 3638 1415 3697 et

314 3747 477 3826 eiusdem
504 3751 714 3826 Pandecten
739 3749 914 3825 historiae
932 3750 1126 3846 Turcicae3
1152 3749 1287 3847 quibus
1308 3747 1413 3819 lacile
1531 3823 1532 3830 χ

313 3897 435 3946 coreas
448 3889 532 3972 post
541 3876 834 3952 Hammerianam
847 3875 1000 3972 imperii·
1009 3872 1194 3948 Osmunici
1206 3871 1410 3944 historiam.

410 4021 526 4096 Scrib.
553 4027 711 4099 berolini
734 4025 770 4098 d.
794 4029 842 4098 25
869 4025 949 4099 Oct.
976 4049 1007 4096 a.
1033 4019 1141 4098 1841.

740 4204 926 4216 ..ὴμ-
937 4208 977 4214 -—
