3094 4944
180 380 343 450 LAONlCl
364 377 566 446 culmoc.
584 381 639 444 DE
657 382 787 447 REBUS
805 384 928 452 Tunc.
948 387 983 448 l..
1004 387 1089 450 lllll.
1119 379 1188 452 381

116 535 167 617 την
185 534 293 600 Ἀσίαν
314 528 475 611 διάβασιν,
500 534 555 594 κατ’
567 529 611 614 μη
634 529 709 608 τούς
730 528 896 616 ἑσπερίους
915 534 1076 600 δύνασθαι
1090 532 1194 600 ε’πιίν-

114 659 164 710 τας
180 632 322 718 τριήρεσι
349 627 536 698 διακωλύειν
559 627 647 719 ούτηῖ
672 629 729 715 τήν
760 631 910 715 διάβασιν
930 634 986 700 καί
1002 643 1194 715 καινοτομεῖ-

114 739 185 800 σθοι
206 735 245 798 τοὶ
268 736 303 798 έν
324 736 364 820 τῇ
390 731 482 818 Ἀσίρ
510 731 595 816 αύτῷ
628 730 810 814 πράγματα.
859 737 942 816 μίγα
969 736 1005 799 δέ
1025 739 1293 821 προφέρεινΡ.λθλ

115 837 195 923 αύτῷ
212 830 323 914 ε”μελλε
343 832 400 897 καί
417 833 449 908 ές
472 831 529 913 τὴν
551 833 731 908 Βυζαντίου
753 836 944 914 πολιορκίαν.
987 833 1140 924 ᾠκοδόμει
1158 836 1194 901 di

92 931 242 1016 επύργους
276 939 361 1016 τρεῖς
389 933 554 1012 μεγίστους
583 928 709 994 πάντων
739 921 784 996 ds
813 929 925 1013 ἴομεν,
958 933 1015 998 δύο
1035 935 1095 1013 μέν
1115 932 1193 1000 κατύ

111 1031 164 1114 την
184 1024 323 1114 ἤπειρον,
348 1023 622 1112 οοότεοῖρμημένοτ
642 1027 703 1094 aiud
722 1029 843 1096 τούτων
868 1029 999 1113 α’μύνειν
1021 1036 1064 1118 τη]
1084 1033 1138 1096 έπί
1155 1033 1196 1120 τῇ

110 1129 243 1218 θαλάττῃ
267 1132 445 1216 ἐρχομένη,
465 1131 577 1192 τοῦτον
603 1129 638 1191 δέ
669 1133 816 1211 μέγιστον
838 1129 1040 1219 ίπηικοδύμει,
1061 1131 1117 1196 καί
1135 1150 1194 1212 μο-

109 1235 198 1321 lriidp
220 1231 296 1308 τούς
318 1232 457 1314 πύργους
478 1231 631 1316 έοτέγετο.
672 1231 707 1298 τύ
730 1233 766 1296 δέ
785 1229 900 1308 πλύτος
920 1234 976 1298 τού
994 1235 1120 1315 τείχους
1139 1229 1195 1294 nd·

108 1335 159 1408 δας
180 1334 238 1396 δύο
261 1334 315 1396 καί
335 1328 453 1411 εἴκοσι,
477 1332 541 1394 τοῖν
560 1332 597 1396 δέ
617 1329 748 1416 πύργων
766 1335 822 1396 καί
842 1335 935 1396 πλέον
955 1331 1088 1416 τούτων,
1102 1326 1193 1414 τριύ-

75 1441 202 1503 torono.
245 1433 289 1507 oia
310 1432 346 1496 δέ
368 1433 594 1512 έπετετείχιοτο
616 1433 649 1508 ές
668 1439 755 1513 τρεῖς
767 1435 882 1515 μῆνας,
902 1432 1063 1514 ἐπέδραμέ
1079 1453 1113 1495 τε
1134 1429 1193 1494 αύ-

105 1535 170 1598 τίκα
190 1531 250 1617 τήν
271 1534 451 1610 Βυζαντίου
471 1528 592 1614 χώραν,
614 1527 753 1610 πόλεμον
773 1531 858 1619 αύτῷ
878 1532 1052 1614 έξενεγκούν.

184 1635 250 1698 Τού
269 1633 297 1696 d’
329 1628 547 1713 ἐπιγινομένου
567 1631 724 1714 χειμῶνος
758 1631 963 1716 Τουραχίνην
983 1628 1120 1713 ἔπεμπεν
1142 1629 1197 1694 tus·

103 1735 349 1813 Πελοπόννησον,
361 1731 506 1809 πολεμῶν
522 1726 590 1810 τίμα
611 1732 667 1794 καί
677 1737 741 1805 τοῖς
754 1733 911 1811 βασιλέως
929 1727 1081 1814 Ἑλλήνων
1100 1728 1221 1798 ridel-13

70 1895 73 1900 ,
103 1837 178 1914 potr.
222 1821 316 1905 οὗτος
344 1831 404 1908 μέν
423 1821 481 1892 cis
511 1828 618 1910 λαβὼν
640 1827 676 1894 τύ
708 1831 884 1905 Θετταλίας
909 1849 943 1894 τε
964 1831 1020 1892 καί
1037 1826 1195 1913 Εύρούπης

69 1929 296 2012 λῡστρύτεομα,
326 1921 401 1994 ὅσον
430 1927 485 1993 ε’πί
514 1929 625 2010 Φεροῖν
666 1929 700 2004 ές
728 1928 785 2012 τὴν
816 1932 875 1992 τού
910 1927 1068 2014 Εύριύπης
1095 1919 1195 2010 στρα-

101 2032 191 2112 τηγοῦ
210 2029 384 2096 τάττεσθαι
406 2037 538 2111 μοῖραν,
559 2025 764 2110 ἐστρατεύετο
783 2027 838 2094 ἐπί
846 2025 1099 2114 Πελοπόννησον,
1121 2024 1196 2103 τούς

98 2149 128 2190 τε
150 2130 268 2206 παῖδας
302 2130 403 2193 αύτού
432 2122 502 2208 α”μα
526 2126 678 2209 ἀγόμενος
706 2131 763 2192 καί
796 2121 954 2210 ἄρχοντας
980 2130 1043 2194 τοῖν
1075 2129 1194 2194 Θεττα-

98 2228 162 2302 λίοις
190 2231 246 2292 καί
271 2229 477 2302 Μακεδοντας
504 2224 637 2292 πόλεων.
690 2229 746 2291 καί
773 2225 917 2308 εὀβαλύν
945 2225 1112 2312 ἐπορεύετο
1139 2223 1194 2310 τὴν

95 2323 271 2412 μεσόγαιον,
288 2325 460 2410 Ἀρκαδίαν
480 2324 514 2390 τύ
537 2325 675 2390 παλαιὸν
696 2327 911 2410 καλουμένην,
933 2330 989 2390 καί
1007 2323 1062 2392 διὰ
1080 2327 1193 2410 Τεγέης

63 2428 147 2490 liant*
165 2429 369 2501 Μαντινείας
390 2425 530 2492 έλαύνοιν
551 2424 658 2512 κατῄει
689 2426 743 2490 ἐπί
762 2423 821 2510 τὴν
839 2425 976 2510 Ἰθώμην
999 2427 1056 2493 καί
1078 2430 1192 2510 Μεση-

96 2526 161 2590 rior
180 2524 309 2608 χοίρου,
331 2528 387 2588 κατ’
405 2524 591 2610 ληισύμενος
605 2525 660 2592 ε’πί
681 2525 802 2610 ἡμέρας
822 2526 944 2607 συχνὰς
955 2524 994 2590 τὰ
1013 2528 1086 2614 τῇδε
1108 2526 1190 2590 ύπο-

96 2621 184 2706 ζύγια
210 2626 432 2710 Νεοπολίχνην
451 2624 683 2710 παρεστήσατο.
704 2629 761 2690 καί
774 2628 1041 2714 Σιδηροπολιγνην
1062 2634 1222 2714 eutrop-c

158 2759 188 2812 7.
209 2757 328 2833 epiros?

93 2901 150 2956 bem
168 2903 350 2958 extruendam
367 2906 522 2976 impulerat,
539 2905 608 2958 haec
627 2913 694 2969 erat,
710 2905 841 2959 videlicet
863 2914 893 2960 ut
909 2907 1038 2960 transitus
1055 2908 1085 2959 in
1101 2908 1191 2960 daiam

93 2975 141 3027 sihi
160 2977 254 3030 facilis
277 2985 365 3039 emet,
386 2985 414 3029 et
439 2993 475 3028 ne
494 2977 682 3030 Occidentslea
705 2978 848 3040 venirent,
864 2976 1033 3048 navibusque
1048 2980 1190 3032 traiectum

94 3045 268 3116 impedirent,
287 3064 426 3120 novaeque
446 3063 487 3099 rea
507 3049 535 3099 ln
557 3049 618 3099 Aria
636 3047 807 3102 molirentur.
853 3063 912 3102 eam
931 3047 1023 3100 urbem
1044 3049 1188 3117 plurimum

92 3133 201 3190 quoque
219 3119 349 3176 αοπίεττε
368 3117 510 3172 iudicabat
527 3117 561 3170 ad
579 3115 701 3186 Byzantii
728 3120 967 3189 oppugnationem.
1004 3127 1091 3172 turres
1107 3123 1189 3174 etiam

91 3195 151 3252 tres,
170 3207 242 3260 quas
260 3191 392 3242 maximas
410 3191 550 3252 norimus,
579 3191 679 3259 posuit.
716 3191 784 3242 duas
810 3191 931 3242 extruxit
950 3191 1026 3242 iusta
1043 3191 1190 3244 continen-

91 3265 150 3324 tem,
171 3269 203 3314 nt
214 3260 252 3313 ab
266 3260 311 3312 lais
330 3261 461 3330 progressi
482 3263 585 3314 irruere
602 3267 715 3332 possent
730 3263 760 3313 in
779 3277 861 3313 never
879 3277 949 3332 quae
967 3276 1040 3314 mare
1057 3261 1189 3330 legerent.

89 3327 181 3386 harum
201 3333 321 3386 alteram
339 3333 406 3386 lecit
422 3333 573 3384 maximam.
617 3341 704 3388 turres
723 3339 863 3401 praetereo
888 3331 1001 3402 plumbo
1019 3335 1125 3386 intexit.
1147 3333 1189 3384 la-

90 3402 174 3458 titudo
202 3404 278 3456 muri
304 3411 362 3456 erat
387 3403 485 3474 pedem
513 3403 608 3472 viginti
633 3403 764 3457 duorum:
794 3411 823 3456 at
854 3405 970 3456 torrium
995 3403 1112 3458 latitudo
1131 3411 1190 3456 erat

88 3475 179 3539 maior,
199 3473 349 3528 contineor
368 3475 479 3542 triginta
497 3473 589 3544 pedro.
627 3490 686 3526 cum
713 3475 782 3526 muri
800 3475 853 3526 iam
873 3482 984 3538 starent,
1001 3491 1070 3546 quos
1090 3489 1188 3545 operae

88 3543 156 3596 intra
173 3555 231 3598 tres
251 3561 360 3598 menaea
388 3544 575 3606 abrolverant‚
599 3546 729 3616 impetum
753 3545 831 3599 dedit
849 3547 879 3600 in
900 3547 1021 3613 Byzantii
1042 3547 1188 3614 regionem,
1276 3597 1279 3603 .

88 3630 118 3666 en
135 3618 266 3687 professo
286 3633 346 3668 cum
368 3618 502 3683 Byzantiis
519 3615 623 3669 bellum
641 3632 743 3685 gerens.

156 3689 259 3741 Hieme
281 3688 335 3740 iam
364 3689 483 3740 iactante
503 3687 690 3740 Turachonem
708 3690 737 3740 in
754 3688 971 3761 Peloponnesum
990 3685 1077 3748 misit,
1099 3693 1130 3738 ut
1148 3683 1187 3738 ibi

87 3753 160 3810 bello
185 3761 338 3812 lacesseret
354 3759 517 3812 Graecorum
536 3759 604 3827 regis
623 3759 728 3813 tratres.
764 3757 808 3810 bio
828 3774 915 3811 assum
939 3766 966 3810 to
984 3755 1142 3810 Thessaliae
1160 3764 1190 3810 et

87 3827 210 3900 Europae
230 3830 365 3892 exercitu,
384 3837 502 3900 quantur
519 3827 624 3882 Pherrie
639 3838 697 3882 erat
715 3837 742 3882 et
754 3829 893 3900 Europaeo
926 3829 969 3880 uei
988 3825 1109 3896 parebat,
1117 3843 1188 3950 pro-

87 3899 172 3954 t'ectur
191 3909 237 3954 est
265 3908 361 3952 contra
388 3901 617 3970 Peloponnesum,
647 3899 775 3954 adhibitis
799 3901 879 3952 etiam
898 3900 955 3950 suis
979 3897 1051 3950 liliir.
1100 3898 1187 3950 aditi

87 3982 148 4024 suut
165 3972 234 4024 huic
254 3978 285 4022 et
302 3969 462 4024 Thessaliae
487 3971 720 4042 Macedoniaeque
746 3969 853 4023 urbium
881 3970 1025 4039 principer.
1062 3970 1187 4022 omnibur

86 4041 166 4108 igitur
184 4043 294 4113 paratis
313 4059 361 4112 per
379 4043 613 4105 mediterraneam,
634 4059 713 4164 guam
733 4041 797 4094 olim
818 4039 956 4092 Arcadiam
975 4037 1076 4102 adsere,
1098 4047 1126 4092 et
1138 4057 1188 4110 per

86 4112 205 4181 Tegeam
223 4115 451 4184 Mantinesmque
470 4113 618 4164 exercitum
658 4129 748 4174 uceua,
766 4113 842 4164 veuit
862 4112 890 4162 in
910 4109 1031 4162 ltlromae
1052 4119 1080 4164 et
1100 4109 1188 4162 Mese·

88 4199 137 4236 nae
160 4185 314 4254 regionem.
351 4202 411 4237 cum
430 4192 522 4236 autem
541 4183 637 4236 diebus
654 4183 746 4236 multia
764 4183 945 4234 iumentorum
968 4179 1081 4252 praeder
1102 4199 1135 4234 ex
1155 4199 1186 4234 ea

88 4257 197 4324 egisset,
217 4253 333 4310 tandem
354 4257 434 4310 etiam
460 4253 675 4326 Neapolirlmem
700 4255 782 4323 oepit.
820 4249 964 4306 obsidione
985 4251 1085 4306 deiude
1106 4251 1183 4306 Side·
