2990 4970
316 315 399 384 212·
565 314 731 382 Leoutcr
761 311 1148 392 CHALCOCONDYLAE

316 483 461 570 ἦσύχιος.
504 486 617 549 τούτου
637 481 698 548 σύν
713 488 838 557 πολλοῖς
857 476 963 582 ἀξίαις
987 476 1138 563 ἀγόμενος
1161 472 1411 564 ὅΠρτάλανπας

282 587 362 662 nete
379 583 416 651 roi
440 585 538 648 σίκεῖα
561 583 605 659 ὦς
625 577 810 664 ἀνάράποάύ
831 603 866 644 τε
887 589 1028 664 περιεῖπε
1049 578 1105 642 καί
1115 571 1202 662 εἶχεν
1220 581 1255 643 ἐν
1273 579 1411 663 φυλακῇ.

314 689 347 762 ἐς
360 684 399 752 τύ
412 681 559 767 βασίλεια
579 684 749 765 διατρίβων
759 688 902 763 κατεῖχεν
914 680 956 754 ἀς
970 677 1144 763 χρημάτων
1157 683 1189 754 ἐς
1201 676 1278 754 τούς
1291 677 1412 761 προσή-

203 827 206 832 -
314 809 425 860 κοντας
444 786 577 858 ἐσαῦθις
600 783 850 864 ἀποδιδόμενος,
870 775 909 863 ἢν
930 783 1065 845 αι’τοῖντο
1080 779 1208 854 αύτούς.
1231 779 1251 863 ἦ
1275 782 1310 844 di
1329 776 1411 862 χυνῆ

312 881 425 952 τούτου
447 880 490 958 ὥς
509 879 595 964 idon
610 881 667 947 τὸν
681 885 816 964 νεανίαν,
838 880 966 965 ἠράσθη
980 902 1014 943 τε
1035 879 1151 944 αύτού·
1173 874 1213 963 ἦν
1232 877 1293 963 χάρ
1310 880 1363 944 καί
1379 883 1436 956 ε’ς5
1491 953 1492 966 ¹

312 971 427 1060 ύλίσνς
443 983 594 1067 πρότερον
607 985 749 1068 φοιτῶσα
764 981 833 1066 [εἷς]
858 975 977 1064 ἄνδρας
994 977 1050 1044 καί
1060 980 1242 1054 ἀκόλαστος.
1265 1003 1414 1062 συχχινο-
1491 967 1492 992 ³

311 1089 391 1169 μένη
412 1083 517 1149 τοίνυν
537 1085 581 1170 rqi
594 1084 722 1171 νεανίᾳ,
739 1079 794 1144 καί
814 1084 1041 1164 ἐπιμαινομένη
1066 1081 1153 1168 αύτῷ
1169 1082 1202 1156 ἐς
1226 1079 1282 1146 τὸν
1296 1078 1412 1164 ἔρωτα,

311 1173 494 1250 συντίθεται
509 1181 597 1271 αύτῷ
619 1181 672 1246 ἐπί
695 1185 739 1270 rqi
751 1183 846 1263 ἀνδρί
860 1180 1040 1265 ἐπιβουλήν.
1064 1179 1120 1245 καί
1131 1185 1340 1266 ἐξηγουμένης
1357 1183 1413 1263 τῆς

310 1279 459 1369 γυναικός
480 1285 514 1357 ἐς
533 1279 591 1365 τήν
606 1280 729 1365 Ικοίτην,
752 1279 795 1355 ἀς
816 1278 989 1346 ἀνεπαύετο
1004 1277 1253 1364 Πριάλοσπαςύ
1276 1279 1410 1362 ἡγεμών,

311 1387 416 1450 dcciiii
428 1406 461 1448 τε
483 1379 579 1448 αύτύν
593 1377 661 1466 ἅμα
676 1379 737 1447 σύν
755 1385 795 1470 τῇ
814 1383 949 1464 γυναικί.
976 1385 1031 1446 καί
1049 1378 1117 1462 ἅμα
1132 1385 1336 1464 συχνατίσχει
1352 1379 1450 1464 τὴνιο

311 1485 484 1568 ἡγεμονίαν
505 1485 602 1572 αύτῷ.
633 1481 741 1566 ἐπειάἦ
759 1481 975 1566 ε’τυρύννεαεν,
999 1481 1106 1548 eddeva*
1123 1485 1187 1547 coir
1207 1479 1242 1546 ἐν
1262 1485 1303 1568 τῇ
1322 1480 1411 1546 πόλει

212 1611 238 1662 ρ,
252 1609 304 1662 113
313 1586 381 1649 ἀλλ’
404 1587 438 1647 ἐν
458 1581 496 1668 τῆ
513 1586 642 1666 γυναικί
659 1581 875 1667 ἀρεσκόμενος.
899 1580 919 1664 ἡ
939 1584 1141 1676 μέντσιιύύτρ
1168 1583 1224 1648 τὸν
1246 1579 1411 1663 Πριπλού.

311 1709 373 1769 πην
397 1683 455 1747 orbs
480 1683 525 1756 είς
546 1683 674 1766 μακρύν
706 1687 860 1764 κατέλαβε
889 1680 943 1747 τόν
966 1685 1066 1747 naida
1087 1681 1189 1748 αύτσύ
1209 1681 1272 1746 ἀπὸ
1293 1685 1412 1766 ταύτης

312 1783 351 1870 δή
375 1787 430 1868 τῆς
450 1784 599 1868 γυναικὸς
620 1783 787 1866 γενόμενον
801 1783 903 1870 αύτῷ·
944 1788 1053 1849 τσύτον
1074 1783 1135 1868 χάρ
1148 1807 1207 1864 τοι,
1231 1783 1275 1858 ἀς
1295 1783 1411 1868 ἐφοίτα
1491 1861 1492 1866 ¹

311 1883 397 1969 παρὰ
420 1889 553 1968 βασιλέα
575 1887 701 1948 Μωσέα
726 1883 912 1964 αἰτούμενος
938 1887 1123 1966 συμμαχίαν
1149 1907 1183 1948 τε
1205 1885 1261 1948 καί
1282 1883 1448 1947 ἔπινον-15

312 1991 386 2070 ρίαν
407 1986 461 2051 ἐπί
483 1984 655 2067 Κύρουλον
673 1983 727 2049 τὸν
746 1981 817 2048 τότε
848 1985 887 2067 δὴ
909 1986 1116 2067 Ἀκαρνανίας
1136 1981 1309 2067 τύραννον,
1331 1987 1412 2046 ovi·
1491 2061 1492 2082 ρ

312 2084 419 2167 λαβών
438 2081 518 2150 uince
542 2084 599 2168 τήν
616 2084 728 2168 χώραν
749 2085 852 2147 αι’τού
871 2093 1052 2167 κατασχεῖν,
1075 2086 1204 2167 ἐξέκοψε
1224 2081 1268 2148 ταί
1285 2081 1411 2168 ὀφθαλ-

312 2185 374 2268 μώ.
414 2182 473 2269 τὴν
504 2188 609 2265 μέντοι
627 2186 739 2268 χώραν
763 2185 868 2258 σάδείς
889 2187 1121 2266 κατεστρέψατο
1152 2187 1209 2267 τῆς
1229 2181 1412 2248 ’ίαναννίνοον

313 2283 443 2359 πόλεως.
485 2287 661 2374 ἐπαγομένη
681 2287 794 2350 τοῦτον
814 2283 851 2366 dr)
876 2283 932 2348 τὸν
956 2285 1126 2367 Κάρσυλαν
1146 2283 1200 2348 ἐπί
1219 2287 1333 2369 σφίσιν
1353 2275 1410 2365 αἴρ-

225 2407 420 2476 molosso,
441 2387 496 2450 καί
507 2387 777 2468 ἐπιτετραμμένον
799 2386 887 2472 αύτῷ
909 2387 1028 2450 ἀιέπειν
1049 2384 1086 2450 τύ
1108 2388 1164 2469 τῆς
1187 2385 1309 2461 πόλεως
1330 2384 1447 2468 πρά-90

315 2509 432 2570 μματα,
452 2488 506 2550 καί
527 2485 735 2568 ἀπεχομένου
757 2488 790 2559 ἐς
821 2487 875 2549 τὸν
897 2486 1035 2567 πόλεμον
1054 2485 1218 2570 κράτιστα.
1263 2484 1282 2570 ἡ
1305 2487 1412 2566 μέντοι

389 2670 431 2720 11.
450 2669 565 2792 ἔπεσσί
664 2670 706 2722 12.
725 2666 766 2742 ἐν]
786 2666 822 2736 ii?
921 2667 1182 2742 sosissprutosiuq?
1280 2671 1411 2725 15.Μυ-

389 2749 435 2794 vti

320 2913 379 2957 erat
397 2897 511 2966 liberali,
534 2910 562 2955 et
583 2909 715 2974 quantum
735 2901 770 2954 ad
788 2919 876 2955 mores
897 2903 1006 2966 attinet,
1026 2919 1128 2975 aequus
1146 2913 1175 2958 et
1186 2905 1322 2975 placidus.
1343 2905 1412 2957 hunc

318 2995 378 3028 curn
399 2977 522 3046 plurimis
540 2975 599 3026 aliis
626 2975 761 3044 captivum
780 2975 888 3026 trahens
917 2976 1054 3044 Prialupas
1077 2975 1185 3028 domum
1204 2987 1235 3030 ut
1251 2978 1410 3048 mancipium

317 3049 461 3112 tractavit3
480 3062 581 3116 eosque
602 3045 630 3098 in
646 3043 766 3097 custodia
787 3047 939 3108 asservavit,
966 3055 1085 3098 moratus
1104 3050 1132 3100 in
1150 3051 1232 3116 regia,
1254 3049 1350 3101 coiens
1369 3064 1411 3098 eos

318 3120 478 3190 propinquis
511 3118 653 3169 restituere
682 3126 792 3187 accepta
821 3119 945 3188 pecunia,
972 3119 994 3168 ri
1013 3119 1138 3172 venirent
1151 3137 1214 3172 snos
1233 3119 1410 3192 redemptum

320 3208 387 3242 uxor
404 3191 545 3258 Prialupae
575 3187 777 3240 adolescentem
802 3191 889 3240 visum
912 3203 1000 3238 amare
1026 3192 1125 3258 coepit.
1164 3193 1313 3244 eratenim
1338 3191 1410 3242 istius

320 3261 440 3313 mulieris
459 3261 597 3327 ingenium
619 3268 658 3322 ut,
676 3261 832 3330 priusquam
848 3268 995 3328 peteretur,
1012 3269 1120 3330 peteret
1132 3263 1210 3324 viros,
1227 3279 1290 3332 prae
1314 3264 1409 3314 intem-

320 3334 443 3403 perantia
469 3333 511 3382 cui
533 3329 652 3382 obnoxio
680 3337 745 3382 erat.
793 3347 850 3381 curn
887 3331 968 3398 igitur
993 3333 1079 3402 stupri
1109 3333 1336 3385 consuetudinem
1355 3349 1409 3384 cnm

321 3401 493 3454 adolescente
506 3401 655 3463 habuisset,
674 3417 764 3452 amore
777 3401 873 3452 ardens
885 3411 913 3452 et
923 3403 1014 3452 furens
1030 3419 1089 3453 curn
1107 3403 1281 3456 adolescente
1304 3405 1409 3456 insidiae

320 3475 416 3525 marito
440 3473 579 3523 subornat.
616 3473 715 3522 mulier
740 3471 939 3523 adulescentem
960 3471 1034 3524 ducit
1061 3476 1088 3524 in
1114 3473 1284 3537 cubiculum,
1314 3478 1341 3526 in
1360 3491 1409 3545 quo

322 3546 460 3615 quiescere
482 3545 578 3594 solitus
599 3550 657 3594 erat
677 3543 814 3612 Prielnpns
833 3543 903 3608 dun3
931 3543 1027 3614 ibique
1048 3544 1193 3598 adiuvante
1212 3547 1408 3598 adulescentem

322 3617 434 3668 muliere
453 3615 590 3683 Priolupas
609 3614 711 3664 occisus
729 3623 783 3675 est,
807 3622 835 3664 et
853 3615 911 3684 ipse
938 3614 971 3664 ad
990 3617 1097 3684 imperii
1116 3617 1298 3685 gubernacula
1320 3633 1408 3669 ascen-

324 3687 373 3737 dit.
411 3695 580 3737 cernentem
605 3683 657 3736 sibi
689 3683 858 3750 tyrannidem
888 3684 922 3734 ad
951 3702 1011 3736 euru
1033 3687 1141 3739 modum
1161 3698 1290 3758 parasset,
1314 3687 1408 3742 nemini
1491 3681 1492 3720 i

322 3758 374 3809 nisi
402 3757 510 3808 mulieri
539 3755 593 3808 soli
618 3753 753 3824 placebat.
798 3764 825 3805 nt
853 3757 922 3807 uitio
949 3755 1023 3808 hacid
1050 3759 1136 3811 mutto
1161 3769 1223 3829 post
1247 3772 1341 3812 secuta
1363 3767 1406 3811 cst.
1491 3805 1492 3826 χ

321 3827 461 3896 Prialnpas
481 3829 571 3890 enirn,
591 3827 639 3896 qui
660 3826 732 3876 fitius
763 3825 820 3876 eius
839 3836 913 3889 erat,
932 3829 1015 3895 patris
1040 3846 1139 3880 nomen
1159 3849 1261 3900 gerens,
1283 3841 1360 3885 natus
1379 3845 1408 3881 ετ
1491 3843 1492 3852 ’

322 3899 374 3950 ista
394 3913 485 3959 uxore,
504 3916 562 3949 cum
581 3905 739 3967 properaret
757 3895 791 3947 ad
808 3889 895 3964 reg'ern
910 3897 1013 3949 Mosem
1032 3909 1127 3968 petens
1140 3903 1270 3954 auxilium
1289 3912 1320 3954 et
1335 3917 1407 3973 pree-
1491 3879 1492 3922 i

322 3969 422 4022 sidium
450 3978 542 4020 contra
567 3969 692 4020 Carnium
717 3969 880 4020 Acarnaniae
906 3970 1071 4038 principem,
1103 3981 1134 4024 ut
1155 3989 1211 4024 earn
1230 3975 1364 4042 regionem
1381 3973 1406 4024 in
1491 3965 1492 4012 Ῐ

322 4047 484 4110 potestatem
503 4037 646 4108 redigeret,
666 4048 760 4110 captur
780 4047 829 4098 est,
850 4039 978 4108 oculique
1003 4041 1060 4092 eius
1080 4045 1150 4095 eruti
1168 4053 1238 4098 sunt.
1277 4047 1406 4112 regionem
1491 4025 1492 4118 i

323 4111 398 4162 urbis
417 4109 588 4161 loanniorum
618 4126 700 4162 nemo
724 4109 839 4176 subegit.
883 4112 965 4179 petiit
986 4113 1205 4166 enim·Carolum
1233 4115 1286 4168 ribi
1305 4117 1404 4179 ducem3
1491 4123 1492 4126 ’

323 4183 366 4234 cni
386 4180 433 4232 ubi
454 4181 569 4252 primum
587 4179 663 4233 urbis
681 4179 879 4234 administratio
897 4189 937 4234 est
951 4185 1100 4248 commissa,
1120 4184 1222 4239 beilum
1240 4188 1346 4242 fortiter
1361 4185 1404 4238 sd·
