2988 4956
356 367 430 438 338
595 369 762 432 ttolttct
794 367 1183 433 cuttcocottuvtut:

353 521 397 600 ὥς
419 519 552 607 φρονοίη
571 541 606 584 τε
627 517 667 588 τό
690 521 754 584 τάν
768 515 918 604 Τοόριιιον
935 522 991 584 καί
1008 518 1225 602 Ἀμουράτεια,
1248 519 1304 583 ναί
1321 513 1428 602 όποση-

352 625 461 702 μαίνοι
480 618 610 695 tersisse
632 611 714 684 iirro
739 617 926 702 τυγχάνοιεν
957 620 1146 704 πράττοντες
1171 615 1288 683 induro
1304 639 1348 682 τε.
1383 621 1431 682 ναί

248 737 276 791 Ρ.
290 723 506 800 λίοσυνὲλαβε
527 717 642 798 μένεός
664 715 842 798 άπολίσσον,
863 715 944 800 μετά
963 717 1000 782 di
1016 715 1207 800 διεπράξατο
1226 716 1368 799 χρήμασι
1382 719 1432 780 καί

353 818 500 903 άπελόθη
522 813 576 882 διά
592 818 703 882 ταῦτα.
745 815 958 901 πορευόμενον
976 817 1014 882 di
1035 814 1089 880 desi
1110 817 1167 900 τῆς
1179 817 1304 891 Διετίας
1321 809 1381 882 citt
1399 837 1432 880 τε

353 916 462 1004 oriris,
482 918 637 984 τίσασθαι
650 915 866 999 ἐννοούμενος,
883 913 940 980 ναί
956 917 1125 998 καθείρξας
1145 909 1232 997 εἶχεν
1255 917 1289 980 έν
1302 916 1455 1002 φυλοιῇιε

352 1016 383 1086 oi
406 1021 466 1100 μὲν
485 1011 544 1081 στίν
562 1013 715 1092 Παίονες,
727 1015 771 1092 σός
790 1013 871 1082 oinos
896 1017 1048 1100 ἐγένοντο,
1069 1012 1305 1097 πυνθανόμενοι
1324 1021 1434 1099 συλλη-

352 1123 478 1204 φθέντα
498 1115 554 1184 τόν
573 1116 731 1202 Ἰωάννην,
754 1115 857 1182 δεινόν
876 1139 909 1181 τε
937 1117 1099 1180 έπσιοόντο
1121 1118 1177 1180 soi
1195 1110 1355 1202 άφόρητον
1374 1112 1431 1178 όπό

350 1215 544 1302 Δρανοόλεοο
578 1217 806 1302 συλληφθῆναι
835 1209 937 1298 ἄνδρα
965 1217 1094 1280 Παίονα
1133 1213 1189 1278 καί
1222 1218 1258 1280 ἑν
1287 1209 1432 1292 α’ξιιόμιιτι

351 1311 438 1385 ὄντα.
495 1315 635 1400 ἔπεμπον
670 1318 706 1381 di
733 1313 913 1390 πελεόοντες
933 1315 1063 1401 σίφιίναι
1081 1314 1136 1378 τόν
1153 1314 1315 1398 Ἰωάννην·
1354 1315 1383 1378 εί
1401 1315 1432 1376 δὲ

349 1417 406 1502 μή,
425 1421 640 1500 περιέψεσθαι
658 1415 703 1492 τίς
714 1418 865 1495 πολέμιον
886 1416 1027 1490 ἐπιόντες
1048 1416 1098 1480 ἐπ’
1117 1407 1215 1478 uiris
1234 1417 1429 1500 πανστρατιᾷ.
1440 1423 1468 1474 ιο

350 1517 451 1605 ταότη
474 1515 519 1594 σός
550 1519 753 1601 ἐπηγγέλλετο
774 1516 863 1604 σότρῖ
889 1513 952 1578 sissi
975 1515 1139 1594 Παιάνων,
1160 1515 1268 1588 δείσας
1285 1517 1357 1597 περί
1376 1519 1431 1587 τοῖς

322 1617 454 1683 Βαότοῦ
474 1615 657 1701 πράγμασι,
688 1615 733 1700 μη
756 1613 910 1702 νεοότερόν
929 1639 963 1680 τι
991 1619 1201 1700 βουληθέντες
1219 1616 1296 1698 περί
1312 1611 1366 1679 τόν
1385 1609 1435 1676 όν-

353 1722 416 1801 ίρα
438 1719 586 1796 ἐξέλασιν
614 1711 711 1782 αότόν
731 1715 870 1792 ἐπιόντες
892 1714 923 1780 oi
943 1717 1101 1796 Παίονες,
1123 1714 1264 1780 ιίπέλυσέ
1284 1737 1316 1780 τε
1336 1711 1435 1792 osiris,

353 1822 409 1883 καί
428 1814 744 1903 φιλοφρονησάμενος
764 1819 968 1900 προέπεμψεν
983 1817 1015 1891 ἐς
1037 1815 1111 1892 τοὺς
1134 1819 1291 1895 Παίονας,
1312 1813 1365 1880 διά
1387 1813 1438 1879 τοῦ

355 1918 533 2000 Πρασοβοῦ
555 1917 587 1992 ἐς
609 1915 644 1981 τό
665 1915 839 1999 tenattem.
878 1919 991 1980 τοῦτον
1011 1918 1071 1995 μέν
1090 1907 1148 1981 teir
1168 1919 1208 1979 ου’
1228 1915 1334 2003 πολλῷ
1351 1910 1470 1982 dors-15

246 2037 281 2090 v.
293 2031 343 2086 tto
354 2040 409 2098 ρον
433 2017 611 2100 Χοννιάτης,
634 2017 896 2100 ναεάγοονΔάνον
916 2013 1055 2098 ἡγεμόνα
1074 2019 1130 2098 τῆς
1143 2019 1267 2091 Δεινίας
1288 2018 1439 2080 ἐκπεπτα-

353 2115 438 2198 ιιότα,
459 2113 622 2202 ἐπεξῆλθε,
645 2117 839 2201 διαφθείρας
859 2111 1003 2180 συνόντι
1024 2105 1093 2197 άμα
1115 2112 1170 2180 καί
1189 2112 1246 2180 τόν
1267 2116 1365 2180 nacto
1385 2113 1439 2178 αό-

353 2218 424 2280 τοά.
465 2213 508 2290 σός
527 2201 590 2298 γάρ
620 2213 802 2298 στράτευμα
824 2216 1034 2298 συναγείρας,
1063 2215 1235 2300 κατηγαγεν
1264 2218 1299 2290 ἐς
1328 2215 1441 2282 Assios

355 2309 412 2379 τόν
431 2317 536 2380 Δάνον
565 2311 619 2380 τόν
641 2315 863 2399 Μασαραμπά
885 2317 986 2379 uuida
1008 2313 1181 2401 (Ἐντεπίοα
1212 2314 1269 2380 κοί
1284 2315 1441 2398 Ἀμόρξιο
1487 2395 1488 2404 ¹

357 2403 450 2490 οὗτος
469 2417 558 2499 παῖς)
581 2412 641 2478 σόν
660 2417 704 2503 τῷ
718 2415 812 2479 παιδί
831 2409 940 2495 αότοῦ,
962 2417 1018 2479 καί
1036 2411 1250 2500 παρετάσσετο
1273 2413 1317 2492 nic
1337 2416 1370 2490 ίς
1384 2413 1488 2496 ptri-2⁰³

354 2536 428 2597 χην.
466 2517 753 2598 παραταττομένων
772 2513 801 2578 d'
822 2512 945 2599 άμφοῑν
966 2516 1022 2579 ναί
1037 2515 1219 2597 μελλόντων
1238 2509 1303 2600 ἤδη
1322 2519 1442 2598 συμβο-
1486 2577 1487 2586 ,

324 2713 326 2719 ·
429 2689 456 2742 3.
475 2690 645 2760 novitate?
749 2689 791 2744 10.
810 2689 1040 2765 nrprtpsromt‘
1162 2689 1322 2749 ίπιόνταΡ
1407 2689 1441 2740 12·

430 2760 622 2831 postquem?
705 2757 715 2776 ³

360 2897 466 2949 iuvaret
483 2897 580 2950 Tuscis
599 2903 628 2948 et
647 2913 688 2948 res
716 2895 849 2950 dmurutis
869 2895 964 2950 sedulo
982 2897 1139 2961 adiuvaret,
1160 2897 1278 2950 subinde
1297 2899 1439 2952 Psnuouou

360 2969 474 3022 consilia
492 2969 527 3021 iis
545 2967 732 3036 significando.
768 2985 861 3022 rerum
882 2969 1010 3021 Drasuies
1032 2970 1062 3021 in
1089 2987 1150 3022 euru
1169 2971 1249 3022 irruit
1266 2971 1308 3022 irs
1326 2969 1439 3042 pertitus,
1485 3011 1486 3039 ;

360 3039 437 3162 pransi
468 3057 530 3092 eum
556 3039 758 3092 interfecturus.
803 3039 852 3092 red
877 3042 994 3110 pecunie
1022 3048 1128 3092 tantum
1149 3043 1242 3093 effecit
1261 3049 1292 3093 ut
1313 3039 1439 3094 ineolumi:

381 3111 545 3163 imitteretur
568 3119 597 3162 et
621 3111 778 3164 inviolatos.
821 3107 882 3164 turn
905 3119 995 3164 sutem
1023 3113 1076 3164 iret
1092 3128 1142 3182 per
1161 3113 1279 3176 Daciam,
1299 3121 1390 3184 captus
1406 3117 1438 3160 ert

361 3182 395 3233 sb
415 3182 539 3245 bruonis,
556 3198 572 3232 a
591 3197 646 3252 quo
667 3181 695 3232 in
714 3197 846 3234 carcerem
863 3185 1004 3235 coniectus
1023 3191 1073 3246 est,
1092 3199 1154 3236 enm
1172 3183 1267 3236 uisisei
1287 3184 1318 3236 in
1337 3185 1439 3235 animun

361 3269 422 3304 eum
440 3251 599 3306 induxisset.
636 3254 777 3305 Pannonea
793 3254 822 3305 in
840 3255 955 3324 patrium
981 3256 1079 3312 reversi
1103 3271 1165 3306 eom
1184 3255 1357 3325 accepissent
1374 3257 1440 3306 iosu-

360 3341 424 3376 nem
443 3340 501 3376 esse
520 3331 639 3392 captum,
659 3323 687 3374 id
713 3340 792 3394 grate
814 3332 843 3376 et
863 3325 1063 3378 intolerandum
1087 3325 1259 3378 iudicabant:
1286 3325 1362 3378 baud
1380 3325 1438 3376 enim

362 3394 504 3447 serendum
525 3393 696 3458 censebatur,
715 3403 746 3447 ut
762 3395 803 3446 vir
820 3395 974 3449 Pannonius
998 3406 1026 3449 et
1044 3397 1074 3450 in
1094 3397 1226 3468 dignitate
1245 3397 1393 3450 ooiioestas
1412 3393 1438 3444 ab
1480 3419 1481 3422 =

361 3465 477 3518 Drscuie
499 3473 649 3535 caperetur.
687 3474 854 3536 quapropter
873 3469 1003 3520 miserunt
1023 3469 1135 3536 legatos,
1149 3470 1196 3539 qui
1216 3468 1347 3521 iuberent
1365 3475 1391 3519 ut
1407 3465 1439 3515 di·
1483 3511 1484 3516 ,

361 3538 482 3590 mitteret
502 3538 642 3588 loannem.
683 3537 726 3590 sin
751 3538 861 3603 minus,
881 3540 1015 3598 suintune
1036 3557 1098 3591 eurn
1124 3557 1173 3610 pro
1204 3539 1285 3591 boste
1306 3539 1438 3594 babituros,

363 3616 391 3660 et
408 3625 468 3660 cum
489 3608 621 3660 universis
644 3609 730 3678 copiis
746 3609 846 3662 nostris
864 3619 958 3662 contra
986 3612 1072 3680 ipsum
1091 3611 1271 3681 profecturos.
1311 3611 1376 3662 bsse
1390 3620 1437 3658 eun
1483 3653 1484 3672 ,

273 3729 279 3743 ,
363 3679 553 3731 nuntiarentur
571 3695 587 3730 s
605 3679 776 3732 Pannonibus
787 3717 797 3743 ,
828 3679 880 3732 sibi
899 3683 1009 3752 suisque
1033 3689 1158 3734 metuens
1178 3681 1319 3744 Drscuies,
1336 3697 1370 3734 ne
1385 3673 1437 3748 quid

259 3747 268 3774 λ
363 3749 490 3802 furiosius
515 3751 702 3802 consultarent
731 3759 759 3802 et
785 3749 920 3803 hostiliter
952 3751 1110 3804 secedentes
1138 3753 1227 3804 virum
1252 3755 1280 3804 vi
1311 3753 1437 3821 eriperem

362 3819 523 3872 Choniutem
542 3819 680 3872 dimittere
701 3819 829 3873 decrerit.
866 3821 1038 3894 benigneque
1057 3841 1117 3876 eum
1136 3831 1255 3878 tractans
1272 3822 1348 3876 baud
1366 3835 1436 3873 εεειι·

362 3891 403 3942 vit
420 3891 540 3942 comitari
563 3909 613 3963 per
631 3891 786 3954 praeabum,
803 3892 943 3946 Ardeiium
963 3911 1050 3965 usque
1070 3893 1105 3945 nd
1125 3895 1275 3948 Pnunones.
1314 3892 1436 3946 unsrun
1480 3927 1483 3964 η

363 3968 454 4044 autern
475 3961 548 4046 buud
569 3963 655 4014 multo
677 3971 739 4047 post
757 3962 914 4029 Chonistes,
933 3982 992 4017 cum
1016 3965 1219 4036 expeditionem
1238 3983 1289 4036 pro
1307 3966 1380 4016 Deuo
1397 3961 1437 4012 De·

363 4047 422 4154 {tt
441 4033 1368 4177 ttetu2135ttttrttrirretiti„retiret
1378 4047 1436 4154 ‘tit

365 4172 440 4224 eules
460 4190 514 4224 uns
533 4191 593 4225 curn
614 4174 672 4227 filio
694 4190 844 4246 repugnare
864 4177 988 4230 hostibus
1006 4179 1153 4241 stutuebat,
1177 4187 1206 4230 et
1227 4176 1436 4250 praeparabantur

365 4242 443 4296 umbo
465 4243 500 4296 ad
519 4245 660 4316 praelium·
698 4255 726 4300 at
742 4247 861 4301 iruniiie
879 4247 1056 4302 descenderat
1074 4251 1101 4301 in
1120 4251 1215 4302 eciem.
1252 4243 1435 4320 cumquestit⁵
1479 4269 1480 4320 3
