2990 4970
341 366 414 436 208
579 371 745 480 bhONlCl
777 369 1165 436 culicocouuulau

307 539 449 601 Βπλείιο.
494 539 634 621 Λίγυρες
655 539 763 619 μέντοι
789 535 845 621 τήν
865 529 1007 618 Εὔβοιαν
1025 539 1129 624 πολλῷ
1153 535 1200 603 ἔτι
1222 536 1421 620 παλαιότερον

341 639 510 720 κατέσχον·
565 639 622 723 ἀφ’
653 628 699 702 nia
731 637 949 723 ἐπιτραπέντες
980 637 1010 702 ci
1032 638 1181 703 Ουἐνετοί
1200 639 1255 703 ἐπί
1274 633 1354 724 ῥητῷ
1371 639 1423 722 τῆς

340 739 438 818 νόσου
458 738 625 821 ἐπέβησαν.
669 735 752 818 μετὰ
774 740 809 802 δὲ
830 740 930 802 ταῦτα
948 734 1024 802 κατὰ
1044 734 1151 821 βραχό
1174 733 1329 822 προϊόντες
1348 736 1425 816 ξόμ-

343 837 448 902 πασόν
469 860 502 901 τε
524 829 738 920 volubiliores
759 843 923 918 κατέσχον,
944 839 977 912 ἐς
998 835 1160 923 διαφορόν
1179 838 1273 923 σφίσι
1293 839 1427 903 τῶνΛι-

344 937 449 1021 μόρων
481 929 739 1022 ἀφικνουμένων,
769 939 822 1001 κατ’
845 934 900 1020 τήν
918 959 952 1002 τε
977 937 1089 1022 χοόροιν
1109 937 1164 1001 καί
1185 935 1357 1022 προσόδους
1375 938 1448 1002 ου’-5

345 1040 428 1117 τῶν,
458 1031 528 1101 όσοι
556 1043 622 1111 τοῖς
645 1038 808 1112 Ουένετοῖς
835 1033 1009 1120 ἐπιτήδειοι
1030 1034 1202 1120 ε’τόμχανον
1224 1027 1320 1121 όντες,
1339 1036 1429 1102 εἰσέτι

347 1139 403 1201 καί
422 1141 478 1201 νῦν
498 1139 697 1203 διατελοῦσιν
717 1133 861 1219 ἔχοντες,
880 1139 936 1201 καί
954 1135 1034 1201 κατὰ
1056 1139 1157 1202 ταῦτα
1178 1139 1364 1218 ἐμμένοντες
1384 1138 1429 1222 ἐφ’

349 1232 395 1312 οἷς
416 1235 618 1317 σπενόὸμενοι
650 1239 758 1314 αότοῖς
785 1239 960 1320 ξυνέβησαν
980 1235 1059 1302 κατὰ
1080 1235 1138 1320 τὴν
1158 1237 1251 1320 νῆσον
1272 1233 1302 1300 οἱ
1326 1235 1430 1301 Odess-

348 1338 408 1404 τοί.
452 1336 469 1403 o‘
489 1343 598 1420 μέντοι
615 1336 789 1424 Ῥαινόριος
808 1341 865 1402 καί
883 1337 912 1402 οἱ
929 1341 1133 1423 Κελτίβηρες,
1155 1337 1350 1403 sellicitus
1370 1329 1431 1399 όσοι

350 1437 405 1504 ἐπί
424 1437 481 1518 τὴν
500 1440 557 1522 τῆς
577 1439 725 1513 Ἕλλόόος
745 1438 971 1523 καταοτροφην
992 1434 1150 1520 ἐγένοντο,
1179 1441 1282 1524 πολλῷ
1309 1432 1431 1518 ὕστερον
1440 1451 1465 1502 10

349 1540 469 1604 τοότιον
489 1542 653 1624 φαίνονται
683 1532 872 1623 ἀφικόμενοι
892 1533 946 1602 ἐπί
965 1537 1020 1602 τόν
1039 1541 1145 1621 χιόρον
1165 1542 1284 1602 τοῦτον.
1320 1535 1431 1600 Ῥαιτέ-

249 1651 278 1706 Ρ.
291 1650 417 1719 111ριος
439 1641 474 1703 δὲ
492 1636 548 1703 καί
567 1641 671 1726 πολλῷ
692 1635 740 1704 ἔτι
759 1643 870 1721 νέηλυς
891 1631 944 1724 ὄν,
966 1635 1136 1721 ἐπιγαμίαν
1157 1660 1192 1703 τε
1212 1636 1292 1721 πρός
1312 1633 1432 1711 rosicis

351 1740 387 1828 τῇ
408 1739 530 1828 Εόβοιλμ
551 1737 706 1822 Λιμόρων
727 1735 937 1823 ποιησόμενος
958 1739 1012 1802 καί
1034 1739 1220 1820 fluo-luponi
1237 1735 1321 1812 τινός
1340 1740 1433 1818 θυγα-

352 1841 428 1922 τέρα
450 1835 556 1922 ἔγημε,
577 1837 705 1920 κοίτην
725 1859 759 1902 τε
792 1835 900 1920 χοόριιν
927 1835 1094 1919 κατασχοόν
1118 1835 1283 1919 Κόρινθόν
1302 1857 1338 1902 τε
1361 1835 1434 1918 ἔχει·

354 1935 489 2021 ραόσατο,
512 1941 566 2002 καί
586 1934 645 2022 την
665 1935 911 2020 Πελοπόννησον
931 1933 1054 2002 ἐπενόει
1075 1931 1125 2002 ότι
1147 1933 1283 2019 τάχιστα
1305 1937 1365 2021 ὕφ’
1385 1933 1433 1998 αό-
1443 1945 1466 1996 15

354 2041 397 2126 aqi
431 2035 639 2122 ποιήσασθαι.
688 2034 819 2122 ὕστερον
849 2039 956 2119 μέντοι
988 2031 1183 2124 ἀφικομένου
1210 2039 1270 2101 τοῦ
1294 2035 1436 2119 Ἑλλήνων

355 2139 509 2218 βασιλέως
528 2139 680 2223 α’όελφοό,
703 2136 873 2221 ἐπιγαμίαν
894 2134 974 2220 πρός
992 2141 1103 2201 τοῦτον
1118 2133 1293 2220 ἐπεποίητο,
1311 2139 1368 2200 κατ’
1385 2139 1437 2198 θυ-

357 2241 475 2318 γατέρα
500 2235 660 2321 ἡρμόσατο
688 2235 788 2326 τοότφ
818 2239 862 2326 τῷ
890 2233 1020 2322 ἡγεμόνι
1056 2233 1230 2325 Θεοόοόρφ,
1258 2229 1438 2316 κάλλει,ιός

357 2333 461 2420 ἔφην,
481 2342 592 2402 πασῶν
618 2339 683 2402 roda
717 2337 787 2402 τότε
808 2338 1046 2422 διαφέρουσαν,
1076 2337 1132 2402 καί
1150 2335 1207 2420 τήν
1228 2361 1262 2401 τε
1285 2338 1438 2420 Κόρινθον

357 2433 411 2500 ini
425 2441 462 2524 τῇ
482 2432 597 2502 ἑαυτοῦ
615 2439 743 2523 τελευτῇ
763 2440 943 2503 κατέλιπεν·
985 2435 1140 2521 όπέσχετο
1160 2436 1220 2521 γὰρ
1243 2434 1341 2503 όπότε
1364 2435 1466 2521 calepti

359 2535 416 2618 την
436 2541 597 2621 θυγατέρα
619 2535 780 2622 ἡρμόσατο
799 2533 832 2615 ἐς
853 2537 972 2624 φερνὴν
990 2531 1075 2628 αότρλ
1098 2525 1222 2624 ταύτην,
1245 2533 1376 2602 ἐπειδὰν
1395 2556 1438 2598 τε·

360 2635 506 2724 λιυτὴσῃ.
1483 2635 1484 2646 ’

432 2830 476 2883 21.
497 2831 580 2906 ταότη
600 2833 618 2884 Ρ

363 3033 421 3077 ctus
443 3033 485 3078 est
512 3033 540 3078 et
561 3025 736 3079 phocensium
764 3027 880 3098 regionis
905 3023 1042 3099 pleraque.
1080 3030 1188 3098 ligures
1209 3030 1349 3083 Euboeam
1364 3027 1437 3094 longis

302 3162 307 3171 Ι
363 3096 532 3168 temporibus
551 3108 621 3150 retro
640 3107 786 3170 ceperant;
816 3101 863 3170 qni
882 3101 1063 3169 permiserunt
1082 3102 1193 3154 Venetis
1215 3104 1296 3154 certia
1316 3101 1437 3156 condicio·

364 3169 444 3220 nibus
473 3177 501 3220 et
531 3169 617 3239 pactis
636 3171 665 3222 in
682 3171 797 3222 insulam
816 3169 969 3224 ascendere.
1012 3171 1142 3242 posthaec
1162 3174 1293 3242 paulatim
1314 3168 1438 3246 progressi,

363 3239 502 3292 Euboeam
532 3241 683 3293 universam
700 3251 883 3313 occuparunt,
901 3260 961 3294 cum
980 3245 1194 3297 intercessissent
1214 3244 1366 3297 discordiae
1382 3245 1439 3292 inter

365 3313 486 3363 Venetos
500 3318 528 3362 et
545 3310 664 3380 Ligures.
700 3314 837 3380 regionem
856 3314 932 3366 istam
952 3322 980 3367 et
998 3315 1119 3377 reditus,
1137 3315 1202 3386 quia
1221 3317 1382 3386 placebant,
1396 3313 1438 3362 Vt·

365 3383 423 3434 neti
441 3381 529 3432 adhuc
548 3380 651 3435 habent
669 3383 875 3436 condicionibus
893 3394 922 3438 et
944 3389 1028 3456 pactis
1049 3386 1151 3448 iisdem,
1170 3387 1271 3456 quibus
1289 3387 1320 3440 in
1336 3403 1391 3439 eam
1405 3384 1438 3432 in-

366 3454 451 3504 sulam
481 3461 677 3522 pervenerunt3
702 3471 773 3526 quae
797 3455 905 3525 quidem
937 3455 1008 3509 bona
1036 3457 1089 3508 lide
1117 3459 1268 3510 coluerant
1308 3455 1438 3510 statuerius.

367 3524 498 3575 Celtiberi
514 3523 651 3592 Gallique,
670 3534 807 3596 quotquot
824 3526 899 3578 bello
910 3527 1027 3580 Graecos
1044 3528 1219 3594 lacessebant,
1237 3529 1322 3598 longo
1335 3537 1439 3596 tempore

367 3593 475 3646 demum
493 3603 555 3678 post
572 3594 691 3648 Venetos
719 3606 748 3649 et
767 3597 877 3664 Ligures
894 3599 923 3649 in
951 3601 1028 3652 istam
1047 3601 1182 3666 regionem
1203 3602 1343 3670 appulisse
1361 3595 1440 3648 siden-

367 3674 420 3717 tur.
458 3665 596 3717 llssuerius
613 3683 722 3738 quoque
746 3668 848 3720 advena
867 3671 999 3734 existens,
1016 3671 1144 3722 affinitate
1162 3671 1253 3723 iuncta
1271 3689 1334 3724 cum
1352 3665 1439 3737 Liguri·

368 3735 419 3786 bus
437 3737 484 3806 qui
503 3735 638 3788 Euboeam
667 3737 811 3802 tenebant,
840 3739 968 3793 Prothimi
995 3741 1133 3792 cuiusdam
1157 3743 1240 3793 silium
1269 3758 1378 3796 uxorem
1399 3733 1439 3788 sibi

369 3807 518 3860 associavit.
568 3806 632 3860 bino
657 3810 792 3878 regionem
818 3826 876 3861 eam
899 3829 1033 3882 occupans
1060 3815 1142 3864 etiam
1161 3813 1324 3866 Corinthum
1340 3807 1438 3876 subegit·

369 3877 586 3947 Peloponnesum
618 3897 727 3951 quoque
753 3881 886 3934 subiicere
919 3883 1010 3934 auimo
1035 3884 1160 3952 agitabat
1211 3895 1309 3955 postea
1339 3899 1392 3935 cum
1414 3873 1439 3925 ad

371 3948 459 4018 ipsum
475 3949 580 4002 veniret
600 3950 682 4003 irater
701 3953 863 4004 Graecorum
889 3955 957 4020 regis
975 3954 1146 4016 Theodorus,
1165 3955 1237 4008 inter
1255 3974 1285 4010 ee
1305 3953 1439 4007 affinitates

371 4019 507 4070 lecerunt:
528 4038 589 4072 nam
609 4039 717 4074 uxorem
737 4021 968 4076 declit‘llseodoro
986 4025 1048 4078 duci
1066 4026 1149 4077 liliam
1167 4043 1251 4088 suam,
1270 4043 1341 4098 quae
1359 4026 1439 4075 formae

372 4088 505 4154 elegantia
521 4107 612 4144 omues
631 4093 817 4156 antecedebat,
830 4095 1052 4166 Corinthumque‚
1070 4097 1116 4148 ubi
1131 4105 1251 4150 mortuus
1267 4107 1334 4160 eset,
1351 4096 1374 4147 ei
1390 4105 1439 4142 con-

372 4160 460 4210 cessit.
497 4165 656 4230 promiserat
673 4166 744 4216 euim
766 4166 914 4230 ilaiuerius,
933 4179 963 4222 ut
981 4167 1052 4221 dolis
1065 4169 1186 4232 nomine,
1205 4169 1251 4222 ubi
1270 4170 1381 4240 primum
1397 4164 1439 4232 ip⁵⁰

373 4227 517 4282 defunctus
536 4231 627 4298 luerit,
647 4233 804 4289 Corinthum
826 4239 947 4309 accipiat.
