2924 4978
408 327 464 388 nn
494 327 623 390 nunus
651 325 841 392 monarcis
870 323 906 388 ι..
926 325 965 388 x.
1174 308 1244 388 541

157 475 276 536 πολλοδν
294 473 513 558 διαφερούσας
526 478 580 540 καί
600 477 735 556 συνέσει,
758 470 886 540 ἐκάλεσέ
898 496 931 539 τε
946 475 979 548 ἐς
998 464 1076 556 ὅφιν
1096 469 1156 558 τήν
1173 469 1249 538 ἐαυ·

156 575 219 656 τοῦ,
237 575 316 638 ἰδεῖν
340 595 374 636 τε
393 569 615 659 ἱμοιρόμενος,
635 576 692 640 καί
711 573 755 649 τός
779 570 934 639 ἐθεάσατο
956 569 999 648 σός
1021 569 1185 658 καλλίστην
1206 567 1250 640 τό·

155 695 215 754 ναι,
238 671 361 758 η’ράσθη
372 695 407 738 τε
432 676 489 757 τῆς
509 667 666 758 γυναικός,
686 675 742 738 καί
753 671 902 761 ἐρασθείς
922 676 991 755 μετ’
1011 675 1051 736 ου’
1070 671 1148 737 noto*
1173 699 1249 740 συν·

154 773 272 854 εχένετο
297 776 354 836 καί
373 775 417 862 τῷ
445 769 539 856 ἔρωτι
566 775 716 856 χαλεποός
745 772 936 854 ἐλαμβάνετο
968 769 1023 836 καί
1051 769 1184 860 συνῴκει
1209 773 1249 860 τῇ

129 862 293 958 5χοναικί,
321 876 378 937 καί
399 873 647 954 δυσανασχετῶν
673 868 737 958 ἤδη
754 875 797 960 τῷ
815 869 908 954 ἔρωτι
928 873 984 956 τῆς
1002 870 1149 954 γυναικός
1169 871 1247 936 arits-

151 968 245 1054 χοόρει
264 994 298 1035 τε
318 967 388 1052 όμα
411 969 469 1036 καί
489 970 600 1056 η’μέλει
615 975 669 1053 τῆς
688 968 805 1038 ἑαυτοῦ
825 973 986 1055 κουριδίης
1006 965 1164 1053 γυναικός.
1187 965 1246 1056 uis

151 1069 186 1133 δέ
214 1069 346 1152 γυναῖκά
382 1094 466 1158 φασι
492 1075 555 1136 rus
584 1068 733 1152 ἐμπόρων
767 1071 918 1156 ἐσομένην
947 1068 1010 1136 ἀπό
1043 1072 1246 1152 Φλωρεντίας

151 1171 291 1254 ἀφῖχθαι
309 1173 343 1247 ές
363 1172 423 1255 την
441 1169 564 1256 χοόραν.
613 1167 714 1258 ταότη
741 1172 801 1251 μέν
831 1162 888 1234 οδν
908 1167 1098 1236 ουνοικοῖνό
1121 1170 1347 1236 fascini-VM

148 1273 203 1352 λης
234 1273 274 1358 τῇ
300 1275 429 1354 γυναικί
457 1265 604 1354 ἐπαχδης
633 1262 670 1354 ἦν
698 1267 753 1334 καί
783 1265 954 1356 ἀφόρητος.
1004 1272 1045 1334 δι’
1079 1265 1162 1352 ἀδη
1188 1267 1346 1334 σόκΡολὸθ

108 1365 139 1418 ¹⁰
148 1359 347 1455 ἀνασχομένη
368 1366 424 1435 ἐπί
447 1371 541 1434 παιδί
560 1370 667 1458 νεανίᾳ
688 1372 820 1433 τοιαῦτα
855 1368 1040 1450 ἀνέχεσθαι,
1063 1365 1150 1432 δεινά
1175 1391 1246 1432 ποι-

145 1471 258 1552 ουμένη
279 1467 358 1550 μετά
378 1473 439 1536 τοῦ
459 1467 574 1544 παιδός
596 1469 695 1550 αότῆς
717 1463 826 1553 κρόφα
846 1469 879 1543 ἐς
897 1466 956 1552 την
974 1467 1161 1551 Ῥαχουζίου
1183 1467 1244 1532 πό.

142 1571 191 1629 λιν
212 1558 446 1651 ἀπηλλάσσετο.
498 1559 591 1644 οὗτος
624 1568 683 1648 μέν
704 1560 760 1632 σόν
780 1565 1032 1652 διαπρεσβεύσας
1053 1563 1142 1652 η’ξίου
1163 1566 1243 1630 aino·

141 1669 291 1752 στρέφειν
311 1665 344 1744 ές
367 1665 427 1753 τὴν
446 1666 560 1750 χιόραν
580 1667 681 1732 αότοό
701 1667 755 1734 καί
773 1663 817 1750 μη
834 1669 867 1732 ἐν
889 1669 1037 1756 ἀλλοτρίφ
1058 1666 1149 1755 χώρᾳ
1170 1668 1243 1733 δια-

139 1767 265 1848 τρίβειν,
288 1760 398 1848 αἶσχος
424 1761 462 1830 όν
479 1764 552 1831 τόδε
567 1768 729 1852 ἐπιφέρειν
752 1768 784 1842 ἐς
805 1763 879 1844 τοός
898 1763 1100 1848 ἀνθρώπους.
1143 1764 1241 1850 ἦμέν

102 1853 195 1924 λῦσόν
214 1865 290 1948 γυνη
314 1866 373 1928 οόκ
393 1869 553 1944 ἐπείθετο,
574 1867 643 1928 ou'd'
663 1863 873 1950 ὑποστρέφειν
894 1861 1040 1950 ἔφασκεν,
1061 1860 1158 1949 dtur}
1181 1863 1239 1948 την

135 1972 268 2042 γυναῖκα
290 1963 527 2050 ἀποπέμψηται
547 1966 801 2048 έςΦλωρεντίαν,
820 1959 842 2048 ἢ
862 1964 945 2048 αότῇ
955 1966 1029 2046 παρ’
1049 1964 1136 2050 ου’τηῖ
1154 1963 1237 2048 χρη.

134 2082 227 2143 σηται
250 2057 292 2138 ὦς
313 2059 354 2128 ἀν
370 2061 541 2150 βούληται.
562 2067 661 2128 ταῦτα
681 2067 741 2145 μέν
763 2059 846 2128 οὕτω
864 2065 1012 2147 γενέσθαι
1032 2065 1164 2148 λέγεται,
1184 2059 1238 2128 τόν

134 2161 168 2224 δὲ
190 2165 291 2227 παῖδα
323 2163 433 2229 atron
461 2165 663 2246 διενεχθέντα
689 2162 746 2226 καί
768 2159 830 2228 tui
850 2161 1042 2247 Ῥαχουζίων
1061 2160 1264 2246 στρατηγόνΒ

136 2263 333 2328 καταστάντα
364 2270 516 2345 πολεμεῖν
546 2265 590 2352 τῷ
615 2265 729 2348 πατρί,
754 2261 975 2345 μαχεσάμενον
996 2285 1030 2327 τε
1058 2264 1102 2352 τῷ
1128 2267 1236 2346 πατρί,

99 2351 189 2424 2⁰qu
211 2361 411 2444 ἀμυνόμενον
443 2367 477 2441 ές
496 2363 553 2448 τη“ν
572 2362 687 2451 φόσιν,
723 2361 912 2446 τρέψασδαί
929 2385 964 2426 τε
994 2363 1090 2428 αότόν
1112 2365 1233 2446 πατέρα

138 2459 193 2524 ιιαέ
214 2463 355 2546 συχνοός
379 2463 531 2540 ἀνελόντα
558 2466 616 2530 τοῦ
636 2465 776 2554 στρατοό
797 2465 915 2546 αότοῦ,
933 2463 1072 2546 ἀθέμιτα
1094 2487 1234 2552 προοφε·

136 2557 271 2643 ρόμενον
301 2567 347 2656 τῷ
376 2565 478 2650 πατρί
508 2567 610 2630 odacri
640 2563 695 2629 καί
720 2559 892 2630 όπεναντία
919 2568 972 2650 τῆς
1003 2568 1099 2651 δίκης.
1142 2567 1233 2652 ἐπρι-

136 2833 170 2886 οδ
191 2854 219 2892 ss
240 2841 331 2894 vocari
366 2839 453 2894 iubet.
489 2856 560 2912 quae
587 2837 636 2892 ubl
657 2839 686 2891 in
714 2845 888 2908 conspectum
914 2841 998 2902 venit,
1021 2858 1053 2893 eo
1074 2841 1149 2914 quod
1169 2845 1233 2914 pul.

136 2903 265 2962 cherrima
284 2921 366 2974 esset,
384 2909 516 2965 Sandsles
534 2913 625 2962 usuris
644 2927 736 2962 amore
750 2911 861 2963 satiatus
875 2925 932 2962 eam
945 2914 1054 2980 sprevit.
1075 2931 1126 2966 nec
1144 2915 1232 2968 multo

137 2986 199 3044 post
216 2998 307 3036 amore
326 2984 487 3054 peregrinae
506 2997 597 3034 amens
617 2989 644 3032 et
663 2981 758 3033 ardens
777 2999 836 3032 cum
859 2998 889 3032 ea
909 2983 1066 3045 concubuit,
1086 2987 1231 3054 plurimum

134 3061 223 3101 anrors
246 3063 381 3107 secturus.
399 3053 593 3106 adhaerescens
617 3059 706 3103 sutem
725 3053 884 3120 peregrinae
903 3054 1021 3116 mulieri,
1042 3057 1119 3107 uxori
1137 3057 1232 3112 admo-

133 3114 197 3169 dum
216 3125 348 3178 molestus
369 3135 445 3191 erst;
462 3139 542 3195 quam
569 3123 736 3192 despiciebat
763 3131 791 3174 et
806 3140 912 3194 prorsus
931 3125 1092 3194 negligebat.
1131 3129 1230 3183 mulier

133 3199 223 3242 autem
242 3194 290 3246 illa
310 3204 370 3248 erat
387 3203 565 3248 mercatorum
585 3193 821 3257 Florentinorum,
841 3203 868 3244 et
886 3196 914 3245 in
934 3193 1002 3246 banc
1023 3199 1157 3264 regionem
1177 3216 1229 3270 ap·

133 3261 249 3323 pulerat.
287 3284 451 3320 conversans
479 3267 572 3337 itaque
595 3267 741 3334 plurimum
768 3281 828 3315 cum
854 3263 903 3315 hac
921 3267 1044 3318 muliere’
1061 3269 1183 3321 intensus
1201 3279 1230 3324 et

133 3329 263 3388 molestus
286 3347 345 3391 erat
362 3355 429 3391 suae
452 3337 537 3390 uxori.
573 3353 643 3388 uxor
662 3353 717 3386 non
737 3333 826 3386 serens
845 3336 960 3404 amplius
980 3335 1058 3389 bases
1077 3339 1226 3408 indignita-

131 3405 181 3463 tss,
202 3407 318 3460 maxims
337 3409 546 3482 proptsrfiliom
560 3423 639 3460 suum
657 3405 864 3469 adolescentem,
882 3423 934 3457 una
947 3421 1006 3458 curn
1022 3425 1055 3460 eo
1074 3412 1142 3462 clam
1156 3411 1227 3464 liba·

131 3473 234 3534 gotium
257 3480 390 3549 profugit.
427 3477 556 3533 Snudales
577 3479 663 3529 missis
683 3477 778 3546 legatis
796 3493 904 3527 uxorem
927 3478 1037 3544 rogabat
1056 3489 1087 3532 ut
1108 3491 1227 3536 ressrts.

132 3548 205 3593 retur
223 3545 251 3598 in
270 3567 346 3602 susm
366 3553 522 3622 regionem,
540 3565 590 3601 nac
617 3549 646 3601 in
663 3549 751 3599 aliena
771 3546 895 3616 degeret,
922 3547 1034 3616 vulgans
1052 3554 1226 3622 opprobrium

132 3624 207 3666 aarum
227 3619 256 3672 in
275 3619 413 3678 homiues.
449 3631 477 3674 at
497 3638 563 3672 uror
591 3637 647 3671 non
671 3617 876 3688 obtemperabat
897 3619 985 3670 verbis
1005 3623 1109 3688 mariti,
1131 3625 1227 3678 sedin

130 3678 201 3736 bunc
220 3691 331 3742 modum
351 3691 502 3765 respondit,
521 3708 549 3743 se
568 3707 624 3743 nou
643 3689 797 3750 redituram,
817 3690 869 3740 nisi
890 3687 1008 3742 dimittat
1029 3693 1168 3746 mulierem
1189 3695 1227 3748 il-

130 3747 182 3804 lnnr
207 3755 405 3817 Florentinum.
442 3761 557 3836 quodsi
576 3761 664 3812 lacere
683 3761 810 3824 omiserit,
832 3759 937 3811 fruatur
955 3765 1094 3832 peregrina
1114 3766 1225 3819 mollero

129 3821 162 3870 srl
181 3825 300 3883 libitum.
351 3835 419 3888 baec
446 3831 554 3906 quidem
581 3830 616 3883 ad
644 3847 704 3882 eum
725 3831 833 3883 modurn
865 3833 1009 3900 contigisse
1034 3845 1223 3889 memorantur.

131 3889 204 3972 lilius
222 3899 381 3960 inimicitias
403 3922 497 3976 gerens
515 3920 574 3954 cum
592 3911 679 3973 patre,
701 3911 728 3954 st
754 3902 820 3953 belli
839 3903 925 3952 <tura
948 3903 1085 3972 lllragusiis
1104 3925 1224 3977 pronun·

129 3965 221 4028 ¹¹²²¹¹³=
240 3969 315 4026 betto
332 3976 445 4031 adortus
465 3985 507 4027 est
519 3982 635 4046 patrem,
658 3973 817 4044 praelioque
835 3972 902 4022 inito
928 3983 1031 4042 patrem
1051 3978 1137 4046 lugam
1155 3980 1223 4030 arri-

128 4045 193 4110 pere
214 4047 366 4114 compulit,
386 4047 508 4120 plurimis
537 4043 572 4096 ds
591 4045 710 4096 exercitu
732 4045 759 4095 in
780 4045 840 4111 lugu
859 4045 943 4096 caesis
956 4043 967 4106 ‚‘
981 4055 1053 4099 certo
1073 4049 1100 4100 in
1120 4057 1223 4118 patrem

129 4105 210 4170 lmplt
230 4119 258 4164 et
288 4117 395 4170 nefaria
422 4137 511 4172 ausus.
553 4114 676 4168 mittebat
706 4115 727 4165 is
755 4113 912 4184 frequenter
940 4117 1041 4182 legatos
1063 4117 1097 4172 ιδ
1125 4135 1223 4188 regem,

128 4179 272 4236 consulens
297 4195 329 4240 ut
353 4189 455 4247 iunctis
478 4187 562 4259 copiis
588 4186 741 4254 lllyriorum
771 4201 858 4252 regem
889 4184 1067 4242 debellarent
1111 4189 1222 4244 tandem
