<?xml version="1.0" encoding="UTF-8"?>
<!DOCTYPE html PUBLIC "-//W3C//DTD XHTML 1.0 Transitional//EN"
    "http://www.w3.org/TR/xhtml1/DTD/xhtml1-transitional.dtd">
<html xmlns="http://www.w3.org/1999/xhtml" xml:lang="en" lang="en">
 <head>
  <title>
</title>
<meta http-equiv="Content-Type" content="text/html;charset=utf-8" />
  <meta name='ocr-system' content='tesseract 3.04.00' />
  <meta name='ocr-capabilities' content='ocr_page ocr_carea ocr_par ocr_line ocrx_word'/>
</head>
<body>
  <div class='ocr_page' id='page_1' title='image "./laonicichalcoco00bekkgoog_0498.png"; bbox 0 0 3072 4944; ppageno 0'>
   <div class='ocr_carea' id='block_1_1' title="bbox 361 393 1182 470">
    <p class='ocr_par' dir='ltr' id='par_1_1' title="bbox 361 393 1182 470">
     <span class='ocr_line' id='line_1_1' title="bbox 361 393 1182 470; baseline 0.002 -4"><span class='ocrx_word' id='word_1_1' title='bbox 361 405 417 466; x_wconf 82' lang='lat' dir='ltr'><strong>ou</strong></span> <span class='ocrx_word' id='word_1_2' title='bbox 448 402 940 470; x_wconf 67' lang='lat' dir='ltr'><strong>mummolenum.</strong></span> <span class='ocrx_word' id='word_1_3' title='bbox 990 451 993 458; x_wconf 91' lang='lat'>.</span> <span class='ocrx_word' id='word_1_4' title='bbox 1112 393 1182 470; x_wconf 68' lang='lat'><strong>481</strong></span> 
     </span>
    </p>
   </div>
   <div class='ocr_carea' id='block_1_2' title="bbox 41 543 1289 2639">
    <p class='ocr_par' dir='ltr' id='par_1_2' title="bbox 41 543 1289 2639">
     <span class='ocr_line' id='line_1_2' title="bbox 95 543 1189 638; baseline 0.001 -25"><span class='ocrx_word' id='word_1_5' title='bbox 95 549 214 634; x_wconf 76' lang='grc' dir='ltr'><strong><em>ἡμέρας</em></strong></span> <span class='ocrx_word' id='word_1_6' title='bbox 234 549 270 613; x_wconf 76' lang='grc' dir='ltr'><strong>δὲ</strong></span> <span class='ocrx_word' id='word_1_7' title='bbox 291 543 371 614; x_wconf 74' lang='grc' dir='ltr'><strong><em>ἑπτά</em></strong></span> <span class='ocrx_word' id='word_1_8' title='bbox 393 555 578 635; x_wconf 79' lang='grc' dir='ltr'><strong><em>πολιορκῶν,</em></strong></span> <span class='ocrx_word' id='word_1_9' title='bbox 601 551 656 618; x_wconf 86' lang='grc' dir='ltr'><strong>καί</strong></span> <span class='ocrx_word' id='word_1_10' title='bbox 676 549 710 618; x_wconf 87' lang='grc' dir='ltr'><strong><em>τό</em></strong></span> <span class='ocrx_word' id='word_1_11' title='bbox 733 549 822 638; x_wconf 82' lang='grc' dir='ltr'><strong><em>όδωρ</em></strong></span> <span class='ocrx_word' id='word_1_12' title='bbox 845 557 901 618; x_wconf 82' lang='grc' dir='ltr'><strong><em>τοῦ</em></strong></span> <span class='ocrx_word' id='word_1_13' title='bbox 922 559 1067 636; x_wconf 81' lang='grc' dir='ltr'><em>ποταμοῦ</em></span> <span class='ocrx_word' id='word_1_14' title='bbox 1089 549 1189 620; x_wconf 86' lang='grc' dir='ltr'><strong><em>κάτα.</em></strong></span> 
     </span>
     <span class='ocr_line' id='line_1_3' title="bbox 95 648 1249 741; baseline 0.006 -27"><span class='ocrx_word' id='word_1_15' title='bbox 95 649 232 732; x_wconf 83' lang='grc' dir='ltr'><strong><em>σχόντων</em></strong></span> <span class='ocrx_word' id='word_1_16' title='bbox 250 653 312 714; x_wconf 80' lang='grc' dir='ltr'><strong><em>τεόν</em></strong></span> <span class='ocrx_word' id='word_1_17' title='bbox 331 650 500 736; x_wconf 77' lang='grc' dir='ltr'><strong><em>νεηλόδτον,</em></strong></span> <span class='ocrx_word' id='word_1_18' title='bbox 523 655 562 716; x_wconf 89' lang='grc' dir='ltr'><strong><em>οά</em></strong></span> <span class='ocrx_word' id='word_1_19' title='bbox 583 657 687 741; x_wconf 73' lang='grc' dir='ltr'><strong><em>πολλῷ</em></strong></span> <span class='ocrx_word' id='word_1_20' title='bbox 716 648 849 736; x_wconf 67' lang='grc' dir='ltr'><strong><em>ὕστερον</em></strong></span> <span class='ocrx_word' id='word_1_21' title='bbox 873 649 902 720; x_wconf 79' lang='grc' dir='ltr'><strong>οἱ</strong></span> <span class='ocrx_word' id='word_1_22' title='bbox 926 657 960 718; x_wconf 80' lang='grc' dir='ltr'><strong>ἐν</strong></span> <span class='ocrx_word' id='word_1_23' title='bbox 980 658 1021 740; x_wconf 80' lang='grc' dir='ltr'><strong><em>τῇ</em></strong></span> <span class='ocrx_word' id='word_1_24' title='bbox 1044 656 1134 720; x_wconf 85' lang='grc' dir='ltr'><strong><em>πόλει</em></strong></span> <span class='ocrx_word' id='word_1_25' title='bbox 1157 656 1191 720; x_wconf 80' lang='grc' dir='ltr'><strong>ἐν</strong></span> <span class='ocrx_word' id='word_1_26' title='bbox 1245 651 1249 662; x_wconf 63' lang='grc'><em>’</em></span> 
     </span>
     <span class='ocr_line' id='line_1_4' title="bbox 94 749 1190 843; baseline 0.005 -29"><span class='ocrx_word' id='word_1_27' title='bbox 94 749 202 840; x_wconf 78' lang='grc' dir='ltr'><strong><em>ἀπόρῳ</em></strong></span> <span class='ocrx_word' id='word_1_28' title='bbox 223 750 463 834; x_wconf 73' lang='grc' dir='ltr'><strong><em>καθεστηκότες,</em></strong></span> <span class='ocrx_word' id='word_1_29' title='bbox 486 752 529 827; x_wconf 75' lang='grc' dir='ltr'><strong>σός</strong></span> <span class='ocrx_word' id='word_1_30' title='bbox 551 756 640 834; x_wconf 78' lang='grc' dir='ltr'><strong><em>δίψει</em></strong></span> <span class='ocrx_word' id='word_1_31' title='bbox 659 757 840 835; x_wconf 71' lang='grc' dir='ltr'><strong><em>συνείχοντο</em></strong></span> <span class='ocrx_word' id='word_1_32' title='bbox 861 752 1026 843; x_wconf 78' lang='grc' dir='ltr'><strong><em>ἀπαόστιρ,</em></strong></span> <span class='ocrx_word' id='word_1_33' title='bbox 1045 757 1190 838; x_wconf 82' lang='grc' dir='ltr'><strong><em>παρέδυν-</em></strong></span> 
     </span>
     <span class='ocr_line' id='line_1_5' title="bbox 94 851 1190 937; baseline 0.004 -25"><span class='ocrx_word' id='word_1_34' title='bbox 94 873 150 913; x_wconf 89' lang='grc' dir='ltr'><strong>καν</strong></span> <span class='ocrx_word' id='word_1_35' title='bbox 163 853 251 935; x_wconf 82' lang='grc' dir='ltr'><strong><em>σφοῖς</em></strong></span> <span class='ocrx_word' id='word_1_36' title='bbox 270 852 312 935; x_wconf 79' lang='grc' dir='ltr'><strong><em>τῷ</em></strong></span> <span class='ocrx_word' id='word_1_37' title='bbox 331 853 469 931; x_wconf 78' lang='grc' dir='ltr'><strong><em>βασιλεῖ.</em></strong></span> <span class='ocrx_word' id='word_1_38' title='bbox 511 851 645 926; x_wconf 77' lang='grc' dir='ltr'><strong>τούτους</strong></span> <span class='ocrx_word' id='word_1_39' title='bbox 664 855 732 936; x_wconf 79' lang='grc' dir='ltr'><strong><em>μέν,</em></strong></span> <span class='ocrx_word' id='word_1_40' title='bbox 756 855 844 937; x_wconf 80' lang='grc' dir='ltr'><strong><em>αμφί</em></strong></span> <span class='ocrx_word' id='word_1_41' title='bbox 862 851 934 927; x_wconf 87' lang='grc' dir='ltr'><strong><em>τοός</em></strong></span> <span class='ocrx_word' id='word_1_42' title='bbox 958 851 1190 936; x_wconf 74' lang='grc' dir='ltr'><strong><em>ἑξακισχιλίους</em></strong></span> 
     </span>
     <span class='ocr_line' id='line_1_6' title="bbox 70 941 1190 1036; baseline 0.004 -24"><span class='ocrx_word' id='word_1_43' title='bbox 70 941 191 1026; x_wconf 71' lang='lat' dir='ltr'><strong>siurac,</strong></span> <span class='ocrx_word' id='word_1_44' title='bbox 212 950 246 1025; x_wconf 80' lang='grc' dir='ltr'><strong>ἐς</strong></span> <span class='ocrx_word' id='word_1_45' title='bbox 270 947 456 1032; x_wconf 80' lang='grc' dir='ltr'><strong><em>ἀνδράποδα</em></strong></span> <span class='ocrx_word' id='word_1_46' title='bbox 478 949 654 1031; x_wconf 76' lang='grc' dir='ltr'><strong><em>διελόμενος</em></strong></span> <span class='ocrx_word' id='word_1_47' title='bbox 680 961 746 1028; x_wconf 83' lang='grc' dir='ltr'><strong><em>τοῖς</em></strong></span> <span class='ocrx_word' id='word_1_48' title='bbox 768 949 908 1035; x_wconf 90' lang='grc' dir='ltr'><strong><em>ἀρίστοις</em></strong></span> <span class='ocrx_word' id='word_1_49' title='bbox 928 952 1006 1020; x_wconf 79' lang='grc' dir='ltr'><strong><em>κατὰ</em></strong></span> <span class='ocrx_word' id='word_1_50' title='bbox 1028 949 1065 1018; x_wconf 88' lang='grc' dir='ltr'><strong><em>τό</em></strong></span> <span class='ocrx_word' id='word_1_51' title='bbox 1088 977 1190 1036; x_wconf 90' lang='grc' dir='ltr'><strong><em>στρα-</em></strong></span> 
     </span>
     <span class='ocr_line' id='line_1_7' title="bbox 93 1049 1289 1136; baseline 0.008 -24"><span class='ocrx_word' id='word_1_52' title='bbox 93 1049 232 1134; x_wconf 82' lang='grc' dir='ltr'><strong><em>τόπεδον,</em></strong></span> <span class='ocrx_word' id='word_1_53' title='bbox 260 1049 478 1130; x_wconf 77' lang='grc' dir='ltr'><strong><em>ἐπιλεξάμενος</em></strong></span> <span class='ocrx_word' id='word_1_54' title='bbox 498 1051 616 1126; x_wconf 84' lang='grc' dir='ltr'><strong><em>παῖδας</em></strong></span> <span class='ocrx_word' id='word_1_55' title='bbox 637 1050 715 1118; x_wconf 72' lang='lat' dir='ltr'><strong>niori</strong></span> <span class='ocrx_word' id='word_1_56' title='bbox 736 1051 935 1127; x_wconf 80' lang='grc' dir='ltr'><strong><em>ἐννακοσίους</em></strong></span> <span class='ocrx_word' id='word_1_57' title='bbox 956 1055 1002 1126; x_wconf 80' lang='grc' dir='ltr'><strong><em>εἰς</em></strong></span> <span class='ocrx_word' id='word_1_58' title='bbox 1023 1051 1096 1128; x_wconf 85' lang='grc' dir='ltr'><strong><em>τοός</em></strong></span> <span class='ocrx_word' id='word_1_59' title='bbox 1118 1051 1191 1136; x_wconf 77' lang='grc' dir='ltr'><strong><em>κεή-</em></strong></span> <span class='ocrx_word' id='word_1_60' title='bbox 1200 1069 1226 1122; x_wconf 83' lang='grc' dir='ltr'><strong>Ρ.</strong></span> <span class='ocrx_word' id='word_1_61' title='bbox 1237 1069 1289 1122; x_wconf 76' lang='lat'><strong>250</strong></span> 
     </span>
     <span class='ocr_line' id='line_1_8' title="bbox 91 1141 1192 1240; baseline 0.006 -30"><span class='ocrx_word' id='word_1_62' title='bbox 91 1149 203 1228; x_wconf 88' lang='grc' dir='ltr'><strong><em>λυδας,</em></strong></span> <span class='ocrx_word' id='word_1_63' title='bbox 225 1147 302 1226; x_wconf 83' lang='grc' dir='ltr'><strong><em>τοός</em></strong></span> <span class='ocrx_word' id='word_1_64' title='bbox 330 1141 448 1225; x_wconf 75' lang='grc' dir='ltr'><strong><em>ἄλλους</em></strong></span> <span class='ocrx_word' id='word_1_65' title='bbox 476 1149 611 1214; x_wconf 78' lang='grc' dir='ltr'><strong><em>ἀπέδοτο</em></strong></span> <span class='ocrx_word' id='word_1_66' title='bbox 641 1154 675 1216; x_wconf 82' lang='grc' dir='ltr'><strong>ἐν</strong></span> <span class='ocrx_word' id='word_1_67' title='bbox 709 1152 749 1237; x_wconf 80' lang='grc' dir='ltr'><strong><em>τῇ</em></strong></span> <span class='ocrx_word' id='word_1_68' title='bbox 777 1153 886 1240; x_wconf 75' lang='grc' dir='ltr'><strong><em>ἀγορᾷ.</em></strong></span> <span class='ocrx_word' id='word_1_69' title='bbox 930 1150 1075 1233; x_wconf 78' lang='grc' dir='ltr'><strong><em>όμίυτοι</em></strong></span> <span class='ocrx_word' id='word_1_70' title='bbox 1096 1155 1131 1217; x_wconf 80' lang='grc' dir='ltr'><strong>ἐν</strong></span> <span class='ocrx_word' id='word_1_71' title='bbox 1150 1154 1192 1240; x_wconf 75' lang='grc' dir='ltr'><strong><em>τῇ</em></strong></span> 
     </span>
     <span class='ocr_line' id='line_1_9' title="bbox 91 1244 1191 1336; baseline 0.005 -27"><span class='ocrx_word' id='word_1_72' title='bbox 91 1244 260 1332; x_wconf 76' lang='grc' dir='ltr'><strong><em>ἀκροπόλει</em></strong></span> <span class='ocrx_word' id='word_1_73' title='bbox 279 1251 343 1314; x_wconf 70' lang='grc' dir='ltr'><strong><em>τοῖν</em></strong></span> <span class='ocrx_word' id='word_1_74' title='bbox 359 1250 513 1333; x_wconf 79' lang='grc' dir='ltr'><strong><em>Ἑλλήνων</em></strong></span> <span class='ocrx_word' id='word_1_75' title='bbox 537 1249 773 1334; x_wconf 83' lang='grc' dir='ltr'><strong><em>(Παλαιολόγος</em></strong></span> <span class='ocrx_word' id='word_1_76' title='bbox 795 1244 833 1333; x_wconf 78' lang='grc' dir='ltr'><strong>ἦν</strong></span> <span class='ocrx_word' id='word_1_77' title='bbox 845 1245 1001 1336; x_wconf 74' lang='grc' dir='ltr'><strong><em>τοῦνομα)</em></strong></span> <span class='ocrx_word' id='word_1_78' title='bbox 1023 1250 1135 1335; x_wconf 78' lang='grc' dir='ltr'><strong><em>λόγους</em></strong></span> <span class='ocrx_word' id='word_1_79' title='bbox 1155 1275 1191 1316; x_wconf 82' lang='grc' dir='ltr'><strong>τε</strong></span> 
     </span>
     <span class='ocr_line' id='line_1_10' title="bbox 89 1339 1193 1438; baseline 0.004 -29"><span class='ocrx_word' id='word_1_80' title='bbox 89 1349 225 1412; x_wconf 83' lang='grc' dir='ltr'><strong><em>ε’ποιείτυ</em></strong></span> <span class='ocrx_word' id='word_1_81' title='bbox 248 1351 299 1436; x_wconf 78' lang='grc' dir='ltr'><strong>ἐφ’</strong></span> <span class='ocrx_word' id='word_1_82' title='bbox 321 1339 346 1438; x_wconf 79' lang='grc' dir='ltr'><strong><em>ᾧ</em></strong></span> <span class='ocrx_word' id='word_1_83' title='bbox 374 1351 533 1436; x_wconf 77' lang='grc' dir='ltr'><strong><em>παραδοίη</em></strong></span> <span class='ocrx_word' id='word_1_84' title='bbox 558 1350 616 1432; x_wconf 76' lang='grc' dir='ltr'><strong><em>τὴν</em></strong></span> <span class='ocrx_word' id='word_1_85' title='bbox 644 1351 826 1432; x_wconf 88' lang='grc' dir='ltr'><strong><em>ἀκρόπολιν,</em></strong></span> <span class='ocrx_word' id='word_1_86' title='bbox 848 1347 886 1416; x_wconf 82' lang='grc' dir='ltr'><strong>ἀν</strong></span> <span class='ocrx_word' id='word_1_87' title='bbox 904 1354 1012 1433; x_wconf 81' lang='grc' dir='ltr'><strong><em>μέντοι</em></strong></span> <span class='ocrx_word' id='word_1_88' title='bbox 1031 1376 1193 1418; x_wconf 84' lang='grc' dir='ltr'><strong><em>συσκευα-</em></strong></span> 
     </span>
     <span class='ocr_line' id='line_1_11' title="bbox 55 1443 1193 1535; baseline 0.004 -22"><span class='ocrx_word' id='word_1_89' title='bbox 55 1443 226 1527; x_wconf 83' lang='grc' dir='ltr'><strong><em>ιῡσάμενος</em></strong></span> <span class='ocrx_word' id='word_1_90' title='bbox 250 1448 397 1529; x_wconf 80' lang='grc' dir='ltr'><strong><em>σταθμόν</em></strong></span> <span class='ocrx_word' id='word_1_91' title='bbox 431 1451 486 1514; x_wconf 76' lang='grc' dir='ltr'><strong><em>ἕνα</em></strong></span> <span class='ocrx_word' id='word_1_92' title='bbox 518 1448 622 1516; x_wconf 86' lang='grc' dir='ltr'><strong><em>ἀπιοόν</em></strong></span> <span class='ocrx_word' id='word_1_93' title='bbox 651 1453 941 1535; x_wconf 73' lang='grc' dir='ltr'><strong><em>στρατοπεδεύοιτο.</em></strong></span> <span class='ocrx_word' id='word_1_94' title='bbox 983 1452 1135 1535; x_wconf 72' lang='grc' dir='ltr'><strong><em>βασιλεύς</em></strong></span> <span class='ocrx_word' id='word_1_95' title='bbox 1156 1456 1193 1518; x_wconf 75' lang='grc' dir='ltr'><strong>δὲ</strong></span> 
     </span>
     <span class='ocr_line' id='line_1_12' title="bbox 88 1547 1192 1638; baseline 0.009 -30"><span class='ocrx_word' id='word_1_96' title='bbox 88 1547 240 1631; x_wconf 88' lang='grc' dir='ltr'><strong><em>προσίετό</em></strong></span> <span class='ocrx_word' id='word_1_97' title='bbox 264 1571 298 1612; x_wconf 81' lang='grc' dir='ltr'><strong>τε</strong></span> <span class='ocrx_word' id='word_1_98' title='bbox 325 1547 399 1623; x_wconf 86' lang='grc' dir='ltr'><strong><em>τοός</em></strong></span> <span class='ocrx_word' id='word_1_99' title='bbox 419 1547 547 1632; x_wconf 76' lang='grc' dir='ltr'><strong><em>λόγους,</em></strong></span> <span class='ocrx_word' id='word_1_100' title='bbox 576 1551 632 1617; x_wconf 87' lang='grc' dir='ltr'><strong>καί</strong></span> <span class='ocrx_word' id='word_1_101' title='bbox 656 1548 797 1636; x_wconf 72' lang='grc' dir='ltr'><strong><em>δμὴρους</em></strong></span> <span class='ocrx_word' id='word_1_102' title='bbox 830 1551 938 1633; x_wconf 74' lang='grc' dir='ltr'><strong><em>λαβών</em></strong></span> <span class='ocrx_word' id='word_1_103' title='bbox 959 1554 1116 1638; x_wconf 81' lang='grc' dir='ltr'><strong><em>ἀπανέστη</em></strong></span> <span class='ocrx_word' id='word_1_104' title='bbox 1137 1557 1192 1620; x_wconf 87' lang='grc' dir='ltr'><strong><em>ε’ν-</em></strong></span> 
     </span>
     <span class='ocr_line' id='line_1_13' title="bbox 87 1648 1193 1737; baseline 0.004 -24"><span class='ocrx_word' id='word_1_105' title='bbox 87 1653 215 1731; x_wconf 77' lang='grc' dir='ltr'><strong><em>ττόθεν,</em></strong></span> <span class='ocrx_word' id='word_1_106' title='bbox 237 1649 353 1716; x_wconf 85' lang='grc' dir='ltr'><strong><em>κατιιόν</em></strong></span> <span class='ocrx_word' id='word_1_107' title='bbox 382 1651 418 1714; x_wconf 83' lang='grc' dir='ltr'><strong>δὲ</strong></span> <span class='ocrx_word' id='word_1_108' title='bbox 438 1648 471 1725; x_wconf 78' lang='grc' dir='ltr'><strong>ἐς</strong></span> <span class='ocrx_word' id='word_1_109' title='bbox 499 1648 535 1714; x_wconf 88' lang='grc' dir='ltr'><strong><em>τό</em></strong></span> <span class='ocrx_word' id='word_1_110' title='bbox 558 1651 674 1734; x_wconf 77' lang='grc' dir='ltr'><strong><em>Αἴγιον</em></strong></span> <span class='ocrx_word' id='word_1_111' title='bbox 698 1651 990 1737; x_wconf 79' lang='grc' dir='ltr'><strong><em>ἐστρατοπεδεόετο,</em></strong></span> <span class='ocrx_word' id='word_1_112' title='bbox 1013 1655 1193 1720; x_wconf 73' lang='grc' dir='ltr'><strong><em>καταλιπών</em></strong></span> 
     </span>
     <span class='ocr_line' id='line_1_14' title="bbox 86 1747 1193 1838; baseline 0 -24"><span class='ocrx_word' id='word_1_113' title='bbox 86 1749 191 1814; x_wconf 75' lang='grc' dir='ltr'><strong><em>αὐτοῦ</em></strong></span> <span class='ocrx_word' id='word_1_114' title='bbox 211 1751 392 1830; x_wconf 82' lang='grc' dir='ltr'><strong><em>Χομουζάν</em></strong></span> <span class='ocrx_word' id='word_1_115' title='bbox 411 1747 465 1814; x_wconf 88' lang='grc' dir='ltr'><strong><em>τόν</em></strong></span> <span class='ocrx_word' id='word_1_116' title='bbox 485 1750 729 1834; x_wconf 72' lang='grc' dir='ltr'><strong><em>Πελοποννήσου</em></strong></span> <span class='ocrx_word' id='word_1_117' title='bbox 753 1775 789 1815; x_wconf 88' lang='grc' dir='ltr'><strong>τε</strong></span> <span class='ocrx_word' id='word_1_118' title='bbox 813 1755 868 1816; x_wconf 89' lang='grc' dir='ltr'><strong>καί</strong></span> <span class='ocrx_word' id='word_1_119' title='bbox 889 1753 1063 1827; x_wconf 73' lang='grc' dir='ltr'><strong><em>Θετταλίας</em></strong></span> <span class='ocrx_word' id='word_1_120' title='bbox 1084 1752 1193 1838; x_wconf 80' lang='grc' dir='ltr'><strong><em>δπαρ.</em></strong></span> 
     </span>
     <span class='ocr_line' id='line_1_15' title="bbox 84 1842 1235 1935; baseline 0.006 -26"><span class='ocrx_word' id='word_1_121' title='bbox 84 1870 159 1929; x_wconf 79' lang='grc' dir='ltr'><strong><em>χον·</em></strong></span> <span class='ocrx_word' id='word_1_122' title='bbox 195 1853 312 1912; x_wconf 78' lang='grc' dir='ltr'><strong><em>τοῦτον</em></strong></span> <span class='ocrx_word' id='word_1_123' title='bbox 331 1847 392 1930; x_wconf 81' lang='grc' dir='ltr'><strong>γάρ</strong></span> <span class='ocrx_word' id='word_1_124' title='bbox 410 1847 581 1933; x_wconf 75' lang='grc' dir='ltr'><strong><em>ἐπιστήσας</em></strong></span> <span class='ocrx_word' id='word_1_125' title='bbox 605 1842 752 1935; x_wconf 81' lang='grc' dir='ltr'><strong><em>ἀφειλετο</em></strong></span> <span class='ocrx_word' id='word_1_126' title='bbox 764 1849 822 1934; x_wconf 66' lang='grc' dir='ltr'><strong><em>τήν</em></strong></span> <span class='ocrx_word' id='word_1_127' title='bbox 846 1849 1112 1935; x_wconf 78' lang='grc' dir='ltr'><strong><em>ἀρχὴνΖαγόνου</em></strong></span> <span class='ocrx_word' id='word_1_128' title='bbox 1136 1848 1191 1916; x_wconf 78' lang='grc' dir='ltr'><strong>διό</strong></span> <span class='ocrx_word' id='word_1_129' title='bbox 1230 1891 1235 1906; x_wconf 87' lang='lat'><strong>·</strong></span> 
     </span>
     <span class='ocr_line' id='line_1_16' title="bbox 50 1941 1192 2032; baseline 0.007 -22"><span class='ocrx_word' id='word_1_130' title='bbox 50 1945 139 2032; x_wconf 67' lang='grc' dir='ltr'><strong>ιῡτὴν</strong></span> <span class='ocrx_word' id='word_1_131' title='bbox 159 1949 391 2031; x_wconf 80' lang='grc' dir='ltr'><strong><em>Σανταμαρίου</em></strong></span> <span class='ocrx_word' id='word_1_132' title='bbox 425 1951 617 2031; x_wconf 77' lang='grc' dir='ltr'><strong><em>ἀποτυχίαν.</em></strong></span> <span class='ocrx_word' id='word_1_133' title='bbox 669 1941 756 2025; x_wconf 76' lang='grc' dir='ltr'><strong><em>οὗτος</em></strong></span> <span class='ocrx_word' id='word_1_134' title='bbox 778 1955 886 2030; x_wconf 80' lang='grc' dir='ltr'><strong><em>μέντοι</em></strong></span> <span class='ocrx_word' id='word_1_135' title='bbox 913 1947 956 2028; x_wconf 71' lang='grc' dir='ltr'><strong>οἱς</strong></span> <span class='ocrx_word' id='word_1_136' title='bbox 976 1958 1192 2018; x_wconf 73' lang='grc' dir='ltr'><strong><em>κατελέλειπτο</em></strong></span> 
     </span>
     <span class='ocr_line' id='line_1_17' title="bbox 84 2039 1220 2142; baseline 0.007 -32"><span class='ocrx_word' id='word_1_137' title='bbox 84 2049 184 2112; x_wconf 78' lang='grc' dir='ltr'><strong><em>αότοὸ</em></strong></span> <span class='ocrx_word' id='word_1_138' title='bbox 207 2045 261 2134; x_wconf 74' lang='grc' dir='ltr'><strong>ἐφ’</strong></span> <span class='ocrx_word' id='word_1_139' title='bbox 285 2039 310 2136; x_wconf 78' lang='grc' dir='ltr'><em>ᾧ</em></span> <span class='ocrx_word' id='word_1_140' title='bbox 339 2053 539 2130; x_wconf 73' lang='grc' dir='ltr'><strong><em>παραλαβεῖν</em></strong></span> <span class='ocrx_word' id='word_1_141' title='bbox 568 2049 626 2133; x_wconf 69' lang='grc' dir='ltr'><strong><em>τόν</em></strong></span> <span class='ocrx_word' id='word_1_142' title='bbox 650 2051 758 2136; x_wconf 82' lang='grc' dir='ltr'><strong><em>πόλιν,</em></strong></span> <span class='ocrx_word' id='word_1_143' title='bbox 791 2052 928 2131; x_wconf 81' lang='grc' dir='ltr'><strong><em>διέτριβε</em></strong></span> <span class='ocrx_word' id='word_1_144' title='bbox 957 2054 997 2136; x_wconf 75' lang='grc' dir='ltr'><strong><em>τῇ</em></strong></span> <span class='ocrx_word' id='word_1_145' title='bbox 1029 2051 1220 2142; x_wconf 78' lang='grc' dir='ltr'><strong><em>όστεραίραΒ</em></strong></span> 
     </span>
     <span class='ocr_line' id='line_1_18' title="bbox 81 2143 1192 2233; baseline 0.008 -23"><span class='ocrx_word' id='word_1_146' title='bbox 81 2149 136 2212; x_wconf 85' lang='grc' dir='ltr'><strong>καί</strong></span> <span class='ocrx_word' id='word_1_147' title='bbox 155 2146 187 2214; x_wconf 83' lang='grc' dir='ltr'><strong>οἱ</strong></span> <span class='ocrx_word' id='word_1_148' title='bbox 208 2153 274 2229; x_wconf 83' lang='grc' dir='ltr'><strong>μὲν</strong></span> <span class='ocrx_word' id='word_1_149' title='bbox 289 2145 432 2233; x_wconf 82' lang='grc' dir='ltr'><strong><em>Ἓλληνες</em></strong></span> <span class='ocrx_word' id='word_1_150' title='bbox 453 2143 633 2232; x_wconf 75' lang='grc' dir='ltr'><strong><em>ἀπόπειραν</em></strong></span> <span class='ocrx_word' id='word_1_151' title='bbox 653 2147 836 2231; x_wconf 76' lang='grc' dir='ltr'><strong><em>ποιούμενοι</em></strong></span> <span class='ocrx_word' id='word_1_152' title='bbox 857 2147 999 2228; x_wconf 78' lang='grc' dir='ltr'><strong><em>όξὲλιτιόν</em></strong></span> <span class='ocrx_word' id='word_1_153' title='bbox 1021 2177 1110 2228; x_wconf 88' lang='grc' dir='ltr'><strong><em>τινας</em></strong></span> <span class='ocrx_word' id='word_1_154' title='bbox 1128 2157 1192 2219; x_wconf 82' lang='grc' dir='ltr'><strong><em>τεόν</em></strong></span> 
     </span>
     <span class='ocr_line' id='line_1_19' title="bbox 81 2245 1191 2336; baseline 0.006 -24"><span class='ocrx_word' id='word_1_155' title='bbox 81 2249 115 2312; x_wconf 76' lang='grc' dir='ltr'><strong>όν</strong></span> <span class='ocrx_word' id='word_1_156' title='bbox 144 2251 185 2336; x_wconf 80' lang='grc' dir='ltr'><strong><em>τῇ</em></strong></span> <span class='ocrx_word' id='word_1_157' title='bbox 218 2246 411 2331; x_wconf 83' lang='grc' dir='ltr'><strong><em>ἀκροπόλει,</em></strong></span> <span class='ocrx_word' id='word_1_158' title='bbox 443 2245 524 2314; x_wconf 69' lang='lat' dir='ltr'><strong>alors</strong></span> <span class='ocrx_word' id='word_1_159' title='bbox 552 2250 679 2314; x_wconf 77' lang='grc' dir='ltr'><strong><em>ἀπιέναι</em></strong></span> <span class='ocrx_word' id='word_1_160' title='bbox 716 2252 977 2336; x_wconf 85' lang='grc' dir='ltr'><strong><em>ἀποφερομένους</em></strong></span> <span class='ocrx_word' id='word_1_161' title='bbox 996 2251 1044 2336; x_wconf 43' lang='grc' dir='ltr'><strong><em>,τό</em></strong></span> <span class='ocrx_word' id='word_1_162' title='bbox 1073 2250 1191 2319; x_wconf 79' lang='grc' dir='ltr'><strong><em>ἔπιπλα</em></strong></span> 
     </span>
     <span class='ocr_line' id='line_1_20' title="bbox 80 2344 1188 2435; baseline 0.003 -24"><span class='ocrx_word' id='word_1_163' title='bbox 80 2353 173 2434; x_wconf 69' lang='lat' dir='ltr'><strong>aprio</strong></span> <span class='ocrx_word' id='word_1_164' title='bbox 199 2351 236 2426; x_wconf 81' lang='grc' dir='ltr'><strong>ἐς</strong></span> <span class='ocrx_word' id='word_1_165' title='bbox 270 2347 327 2430; x_wconf 76' lang='grc' dir='ltr'><strong><em>τὴν</em></strong></span> <span class='ocrx_word' id='word_1_166' title='bbox 360 2347 531 2431; x_wconf 87' lang='grc' dir='ltr'><strong><em>ἀντίπεραν</em></strong></span> <span class='ocrx_word' id='word_1_167' title='bbox 551 2352 607 2435; x_wconf 74' lang='grc' dir='ltr'><strong><em>τῆς</em></strong></span> <span class='ocrx_word' id='word_1_168' title='bbox 627 2347 876 2434; x_wconf 78' lang='grc' dir='ltr'><strong><em>Πελοποννήσου</em></strong></span> <span class='ocrx_word' id='word_1_169' title='bbox 908 2344 1188 2435; x_wconf 59' lang='lat' dir='ltr'><strong>cinomannicus.</strong></span> 
     </span>
     <span class='ocr_line' id='line_1_21' title="bbox 41 2449 1192 2540; baseline 0.007 -28"><span class='ocrx_word' id='word_1_170' title='bbox 41 2469 72 2524; x_wconf 75' lang='grc' dir='ltr'><strong>ορ</strong></span> <span class='ocrx_word' id='word_1_171' title='bbox 81 2453 213 2515; x_wconf 75' lang='grc' dir='ltr'><strong><em>νοοῦντα</em></strong></span> <span class='ocrx_word' id='word_1_172' title='bbox 235 2449 389 2534; x_wconf 76' lang='grc' dir='ltr'><strong><em>διαβῆναι</em></strong></span> <span class='ocrx_word' id='word_1_173' title='bbox 416 2449 561 2527; x_wconf 65' lang='lat' dir='ltr'><strong>irrisorie</strong></span> <span class='ocrx_word' id='word_1_174' title='bbox 590 2451 781 2525; x_wconf 85' lang='grc' dir='ltr'><strong><em>Οάενετοός·</em></strong></span> <span class='ocrx_word' id='word_1_175' title='bbox 831 2453 863 2525; x_wconf 80' lang='grc' dir='ltr'><strong>ἐς</strong></span> <span class='ocrx_word' id='word_1_176' title='bbox 884 2455 975 2515; x_wconf 77' lang='grc' dir='ltr'><strong><em>τοῦτο</em></strong></span> <span class='ocrx_word' id='word_1_177' title='bbox 995 2451 1057 2536; x_wconf 73' lang='grc' dir='ltr'><strong>μάρ</strong></span> <span class='ocrx_word' id='word_1_178' title='bbox 1079 2457 1192 2540; x_wconf 84' lang='grc' dir='ltr'><strong><em>σφίσιν</em></strong></span> 
     </span>
     <span class='ocr_line' id='line_1_22' title="bbox 78 2545 1191 2639; baseline 0.001 -25"><span class='ocrx_word' id='word_1_179' title='bbox 78 2549 273 2635; x_wconf 74' lang='grc' dir='ltr'><strong><em>ἐπεποίηντο</em></strong></span> <span class='ocrx_word' id='word_1_180' title='bbox 296 2547 330 2614; x_wconf 78' lang='grc' dir='ltr'><strong><em>αἱ</em></strong></span> <span class='ocrx_word' id='word_1_181' title='bbox 353 2553 498 2616; x_wconf 86' lang='grc' dir='ltr'><strong><em>σπονδαί.</em></strong></span> <span class='ocrx_word' id='word_1_182' title='bbox 549 2551 683 2626; x_wconf 78' lang='grc' dir='ltr'><strong><em>τούτους</em></strong></span> <span class='ocrx_word' id='word_1_183' title='bbox 710 2553 819 2631; x_wconf 79' lang='grc' dir='ltr'><strong><em>μέντοι</em></strong></span> <span class='ocrx_word' id='word_1_184' title='bbox 839 2545 978 2630; x_wconf 71' lang='grc' dir='ltr'><strong><em>ἐξιόντας</em></strong></span> <span class='ocrx_word' id='word_1_185' title='bbox 999 2553 1034 2618; x_wconf 82' lang='grc' dir='ltr'><strong><em>ἑκ</em></strong></span> <span class='ocrx_word' id='word_1_186' title='bbox 1056 2555 1111 2639; x_wconf 70' lang='grc' dir='ltr'><strong><em>τῆς</em></strong></span> <span class='ocrx_word' id='word_1_187' title='bbox 1132 2552 1191 2619; x_wconf 89' lang='grc' dir='ltr'><strong><em>πό.</em></strong></span> 
     </span>
    </p>
   </div>
   <div class='ocr_carea' id='block_1_3' title="bbox 150 2711 398 2775">
    <p class='ocr_par' dir='ltr' id='par_1_3' title="bbox 150 2711 398 2775">
     <span class='ocr_line' id='line_1_23' title="bbox 150 2711 398 2775; baseline 0 -13"><span class='ocrx_word' id='word_1_188' title='bbox 150 2713 195 2762; x_wconf 85' lang='lat'><strong>11.</strong></span> <span class='ocrx_word' id='word_1_189' title='bbox 218 2711 361 2775; x_wconf 72' lang='grc' dir='ltr'><strong><em>ἐπανέστη</em></strong></span> <span class='ocrx_word' id='word_1_190' title='bbox 380 2711 398 2762; x_wconf 85' lang='grc' dir='ltr'>Ρ</span> 
     </span>
    </p>
   </div>
   <div class='ocr_carea' id='block_1_4' title="bbox 56 2853 1190 4354">
    <p class='ocr_par' dir='ltr' id='par_1_4' title="bbox 56 2853 1190 4354">
     <span class='ocr_line' id='line_1_24' title="bbox 75 2853 1188 2926; baseline 0.002 -18"><span class='ocrx_word' id='word_1_191' title='bbox 75 2856 130 2912; x_wconf 89' lang='lat' dir='ltr'><strong>bat.</strong></span> <span class='ocrx_word' id='word_1_192' title='bbox 171 2856 364 2912; x_wconf 86' lang='lat' dir='ltr'><strong>bombardarii</strong></span> <span class='ocrx_word' id='word_1_193' title='bbox 385 2857 493 2908; x_wconf 88' lang='lat' dir='ltr'><strong>interim</strong></span> <span class='ocrx_word' id='word_1_194' title='bbox 511 2855 584 2907; x_wconf 80' lang='lat' dir='ltr'><strong>haud</strong></span> <span class='ocrx_word' id='word_1_195' title='bbox 603 2873 703 2926; x_wconf 87' lang='lat' dir='ltr'><strong>paucos</strong></span> <span class='ocrx_word' id='word_1_196' title='bbox 722 2853 873 2926; x_wconf 76' lang='lat' dir='ltr'>oppidanos</span> <span class='ocrx_word' id='word_1_197' title='bbox 892 2855 1070 2910; x_wconf 74' lang='lat' dir='ltr'>vulnerabant</span> <span class='ocrx_word' id='word_1_198' title='bbox 1088 2859 1188 2926; x_wconf 80' lang='lat' dir='ltr'><strong>globo-</strong></span> 
     </span>
     <span class='ocr_line' id='line_1_25' title="bbox 75 2927 1190 3000; baseline 0.004 -22"><span class='ocrx_word' id='word_1_199' title='bbox 75 2929 116 2980; x_wconf 91' lang='lat' dir='ltr'><strong>lis.</strong></span> <span class='ocrx_word' id='word_1_200' title='bbox 158 2949 225 2982; x_wconf 87' lang='lat' dir='ltr'><strong>cum</strong></span> <span class='ocrx_word' id='word_1_201' title='bbox 254 2937 343 2980; x_wconf 88' lang='lat' dir='ltr'><strong>autem</strong></span> <span class='ocrx_word' id='word_1_202' title='bbox 363 2927 455 2979; x_wconf 82' lang='lat' dir='ltr'><strong>urbem</strong></span> <span class='ocrx_word' id='word_1_203' title='bbox 475 2927 572 2980; x_wconf 85' lang='lat' dir='ltr'><strong>diebus</strong></span> <span class='ocrx_word' id='word_1_204' title='bbox 591 2937 695 2998; x_wconf 80' lang='lat' dir='ltr'><strong>septem</strong></span> <span class='ocrx_word' id='word_1_205' title='bbox 715 2927 857 2979; x_wconf 83' lang='lat' dir='ltr'><strong>obsidione</strong></span> <span class='ocrx_word' id='word_1_206' title='bbox 870 2937 986 2996; x_wconf 74' lang='lat' dir='ltr'><strong>urgeret,</strong></span> <span class='ocrx_word' id='word_1_207' title='bbox 1004 2938 1032 2980; x_wconf 87' lang='lat' dir='ltr'><strong>et</strong></span> <span class='ocrx_word' id='word_1_208' title='bbox 1051 2931 1190 3000; x_wconf 81' lang='lat' dir='ltr'><strong>peregrini</strong></span> 
     </span>
     <span class='ocr_line' id='line_1_26' title="bbox 75 2997 1186 3070; baseline 0.003 -20"><span class='ocrx_word' id='word_1_209' title='bbox 75 3003 178 3054; x_wconf 85' lang='lat' dir='ltr'><strong>milites</strong></span> <span class='ocrx_word' id='word_1_210' title='bbox 202 3017 307 3070; x_wconf 82' lang='lat' dir='ltr'><strong>aquam</strong></span> <span class='ocrx_word' id='word_1_211' title='bbox 325 2998 453 3060; x_wconf 87' lang='lat' dir='ltr'><strong>fluminis,</strong></span> <span class='ocrx_word' id='word_1_212' title='bbox 475 2999 548 3050; x_wconf 77' lang='lat' dir='ltr'><strong>suade</strong></span> <span class='ocrx_word' id='word_1_213' title='bbox 567 2999 668 3050; x_wconf 76' lang='lat' dir='ltr'><strong>obsessi</strong></span> <span class='ocrx_word' id='word_1_214' title='bbox 682 3016 779 3068; x_wconf 88' lang='lat' dir='ltr'><strong>aquam</strong></span> <span class='ocrx_word' id='word_1_215' title='bbox 800 2997 970 3061; x_wconf 81' lang='lat' dir='ltr'><strong>lsauriebant,</strong></span> <span class='ocrx_word' id='word_1_216' title='bbox 993 3001 1186 3062; x_wconf 81' lang='lat' dir='ltr'><strong>obtinuissent.</strong></span> 
     </span>
     <span class='ocr_line' id='line_1_27' title="bbox 73 3069 1187 3140; baseline 0.001 -18"><span class='ocrx_word' id='word_1_217' title='bbox 73 3089 128 3125; x_wconf 89' lang='lat' dir='ltr'><strong>non</strong></span> <span class='ocrx_word' id='word_1_218' title='bbox 150 3073 249 3124; x_wconf 79' lang='lat' dir='ltr'><strong>nasslto</strong></span> <span class='ocrx_word' id='word_1_219' title='bbox 271 3081 333 3140; x_wconf 88' lang='lat' dir='ltr'><strong>post</strong></span> <span class='ocrx_word' id='word_1_220' title='bbox 352 3069 398 3122; x_wconf 86' lang='lat' dir='ltr'><strong>siti</strong></span> <span class='ocrx_word' id='word_1_221' title='bbox 419 3071 565 3139; x_wconf 75' lang='lat' dir='ltr'><strong>expugnati</strong></span> <span class='ocrx_word' id='word_1_222' title='bbox 584 3069 713 3140; x_wconf 82' lang='lat' dir='ltr'><strong>oppidani</strong></span> <span class='ocrx_word' id='word_1_223' title='bbox 735 3087 764 3122; x_wconf 81' lang='lat' dir='ltr'><strong>se</strong></span> <span class='ocrx_word' id='word_1_224' title='bbox 784 3070 837 3136; x_wconf 80' lang='lat' dir='ltr'><strong>regi</strong></span> <span class='ocrx_word' id='word_1_225' title='bbox 855 3069 1028 3126; x_wconf 83' lang='lat' dir='ltr'><strong>dediderunt.</strong></span> <span class='ocrx_word' id='word_1_226' title='bbox 1064 3069 1113 3123; x_wconf 86' lang='lat' dir='ltr'><strong>hos</strong></span> <span class='ocrx_word' id='word_1_227' title='bbox 1134 3073 1187 3140; x_wconf 80' lang='lat' dir='ltr'><strong>igt-</strong></span> 
     </span>
     <span class='ocr_line' id='line_1_28' title="bbox 73 3139 1187 3212; baseline 0.001 -19"><span class='ocrx_word' id='word_1_228' title='bbox 73 3152 116 3195; x_wconf 85' lang='lat' dir='ltr'><strong>tur</strong></span> <span class='ocrx_word' id='word_1_229' title='bbox 134 3145 171 3196; x_wconf 77' lang='lat' dir='ltr'><strong>acl</strong></span> <span class='ocrx_word' id='word_1_230' title='bbox 192 3139 379 3202; x_wconf 78' lang='lat' dir='ltr'><strong>miserandam</strong></span> <span class='ocrx_word' id='word_1_231' title='bbox 401 3142 595 3212; x_wconf 76' lang='lat' dir='ltr'><strong>mancipiorum</strong></span> <span class='ocrx_word' id='word_1_232' title='bbox 617 3141 750 3193; x_wconf 81' lang='lat' dir='ltr'><strong>fortunam</strong></span> <span class='ocrx_word' id='word_1_233' title='bbox 769 3141 900 3202; x_wconf 80' lang='lat' dir='ltr'><strong>redactos,</strong></span> <span class='ocrx_word' id='word_1_234' title='bbox 915 3157 959 3192; x_wconf 84' lang='lat' dir='ltr'><strong>rex</strong></span> <span class='ocrx_word' id='word_1_235' title='bbox 978 3143 1007 3193; x_wconf 89' lang='lat' dir='ltr'><strong>in</strong></span> <span class='ocrx_word' id='word_1_236' title='bbox 1026 3159 1120 3194; x_wconf 85' lang='lat' dir='ltr'><strong>omnes</strong></span> <span class='ocrx_word' id='word_1_237' title='bbox 1139 3160 1187 3194; x_wconf 80' lang='lat' dir='ltr'><strong>ex·</strong></span> 
     </span>
     <span class='ocr_line' id='line_1_29' title="bbox 73 3211 1186 3283; baseline 0 -17"><span class='ocrx_word' id='word_1_238' title='bbox 73 3217 176 3268; x_wconf 85' lang='lat' dir='ltr'><strong>ercitus</strong></span> <span class='ocrx_word' id='word_1_239' title='bbox 197 3215 247 3267; x_wconf 84' lang='lat' dir='ltr'><strong>sui</strong></span> <span class='ocrx_word' id='word_1_240' title='bbox 270 3229 394 3283; x_wconf 87' lang='lat' dir='ltr'><strong>proceres</strong></span> <span class='ocrx_word' id='word_1_241' title='bbox 411 3215 536 3282; x_wconf 82' lang='lat' dir='ltr'><strong>partitur.</strong></span> <span class='ocrx_word' id='word_1_242' title='bbox 572 3211 637 3264; x_wconf 88' lang='lat' dir='ltr'><strong>iude</strong></span> <span class='ocrx_word' id='word_1_243' title='bbox 653 3228 763 3283; x_wconf 87' lang='lat' dir='ltr'><strong>quoque</strong></span> <span class='ocrx_word' id='word_1_244' title='bbox 781 3211 864 3280; x_wconf 78' lang='lat' dir='ltr'><strong>elegit</strong></span> <span class='ocrx_word' id='word_1_245' title='bbox 881 3229 979 3282; x_wconf 87' lang='lat' dir='ltr'><strong>pueros</strong></span> <span class='ocrx_word' id='word_1_246' title='bbox 991 3213 1098 3265; x_wconf 86' lang='lat' dir='ltr'><strong>circiter</strong></span> <span class='ocrx_word' id='word_1_247' title='bbox 1115 3229 1186 3266; x_wconf 86' lang='lat' dir='ltr'><strong>non-</strong></span> 
     </span>
     <span class='ocr_line' id='line_1_30' title="bbox 70 3283 1184 3356; baseline -0.002 -18"><span class='ocrx_word' id='word_1_248' title='bbox 70 3297 186 3352; x_wconf 73' lang='lat' dir='ltr'><strong>gentos,</strong></span> <span class='ocrx_word' id='word_1_249' title='bbox 219 3301 294 3356; x_wconf 85' lang='lat' dir='ltr'><strong>quos</strong></span> <span class='ocrx_word' id='word_1_250' title='bbox 322 3284 349 3334; x_wconf 86' lang='lat' dir='ltr'><strong>in</strong></span> <span class='ocrx_word' id='word_1_251' title='bbox 376 3286 576 3353; x_wconf 77' lang='lat' dir='ltr'><strong>peregrinorum</strong></span> <span class='ocrx_word' id='word_1_252' title='bbox 601 3283 725 3334; x_wconf 83' lang='lat' dir='ltr'><strong>ordinem</strong></span> <span class='ocrx_word' id='word_1_253' title='bbox 743 3284 889 3335; x_wconf 78' lang='lat' dir='ltr'><strong>transtulit.</strong></span> <span class='ocrx_word' id='word_1_254' title='bbox 934 3285 1070 3354; x_wconf 84' lang='lat' dir='ltr'><strong>reliquum</strong></span> <span class='ocrx_word' id='word_1_255' title='bbox 1088 3285 1184 3353; x_wconf 78' lang='lat' dir='ltr'><strong>vulgus</strong></span> 
     </span>
     <span class='ocr_line' id='line_1_31' title="bbox 71 3354 1184 3426; baseline 0.002 -20"><span class='ocrx_word' id='word_1_256' title='bbox 71 3361 163 3412; x_wconf 82' lang='lat' dir='ltr'><strong>veniit</strong></span> <span class='ocrx_word' id='word_1_257' title='bbox 191 3359 223 3409; x_wconf 81' lang='lat' dir='ltr'><strong>ln</strong></span> <span class='ocrx_word' id='word_1_258' title='bbox 255 3354 366 3426; x_wconf 90' lang='lat' dir='ltr'><strong>publico</strong></span> <span class='ocrx_word' id='word_1_259' title='bbox 393 3355 461 3406; x_wconf 87' lang='lat' dir='ltr'><strong>soro.</strong></span> <span class='ocrx_word' id='word_1_260' title='bbox 505 3356 528 3406; x_wconf 89' lang='lat' dir='ltr'><strong>is</strong></span> <span class='ocrx_word' id='word_1_261' title='bbox 550 3363 639 3406; x_wconf 72' lang='lat' dir='ltr'><strong>atatem</strong></span> <span class='ocrx_word' id='word_1_262' title='bbox 664 3356 710 3426; x_wconf 90' lang='lat' dir='ltr'><strong>qui</strong></span> <span class='ocrx_word' id='word_1_263' title='bbox 732 3355 784 3405; x_wconf 87' lang='lat' dir='ltr'><strong>arci</strong></span> <span class='ocrx_word' id='word_1_264' title='bbox 798 3363 931 3425; x_wconf 83' lang='lat' dir='ltr'><strong>praeerat,</strong></span> <span class='ocrx_word' id='word_1_265' title='bbox 948 3363 1005 3407; x_wconf 84' lang='lat' dir='ltr'><strong>erat</strong></span> <span class='ocrx_word' id='word_1_266' title='bbox 1023 3355 1077 3406; x_wconf 79' lang='grc' dir='ltr'><strong><em>δοκι</em></strong></span> <span class='ocrx_word' id='word_1_267' title='bbox 1096 3357 1184 3408; x_wconf 82' lang='lat' dir='ltr'><strong>Grae-</strong></span> 
     </span>
     <span class='ocr_line' id='line_1_32' title="bbox 69 3425 1182 3496; baseline -0.001 -16"><span class='ocrx_word' id='word_1_268' title='bbox 69 3445 175 3492; x_wconf 82' lang='lat' dir='ltr'><strong>corum,</strong></span> <span class='ocrx_word' id='word_1_269' title='bbox 206 3427 325 3481; x_wconf 84' lang='lat' dir='ltr'><strong>nomine</strong></span> <span class='ocrx_word' id='word_1_270' title='bbox 348 3427 532 3493; x_wconf 76' lang='lat' dir='ltr'><strong>Palacologus.</strong></span> <span class='ocrx_word' id='word_1_271' title='bbox 577 3425 715 3478; x_wconf 79' lang='lat' dir='ltr'><strong>indicabat</strong></span> <span class='ocrx_word' id='word_1_272' title='bbox 741 3427 795 3496; x_wconf 75' lang='lat' dir='ltr'><strong>regi</strong></span> <span class='ocrx_word' id='word_1_273' title='bbox 816 3443 845 3477; x_wconf 87' lang='lat' dir='ltr'><strong>se</strong></span> <span class='ocrx_word' id='word_1_274' title='bbox 863 3443 950 3477; x_wconf 85' lang='lat' dir='ltr'><strong>arcem</strong></span> <span class='ocrx_word' id='word_1_275' title='bbox 971 3425 1140 3490; x_wconf 83' lang='lat' dir='ltr'><strong>traditurum,</strong></span> <span class='ocrx_word' id='word_1_276' title='bbox 1160 3428 1182 3479; x_wconf 85' lang='lat' dir='ltr'><strong>sl</strong></span> 
     </span>
     <span class='ocr_line' id='line_1_33' title="bbox 68 3497 1183 3570; baseline 0 -21"><span class='ocrx_word' id='word_1_277' title='bbox 68 3501 128 3570; x_wconf 89' lang='lat' dir='ltr'><strong>ipse</strong></span> <span class='ocrx_word' id='word_1_278' title='bbox 152 3503 224 3552; x_wconf 86' lang='lat' dir='ltr'><strong>lsinc</strong></span> <span class='ocrx_word' id='word_1_279' title='bbox 253 3497 391 3567; x_wconf 85' lang='lat' dir='ltr'><strong>prolectas</strong></span> <span class='ocrx_word' id='word_1_280' title='bbox 412 3498 517 3549; x_wconf 86' lang='lat' dir='ltr'><strong>miliare</strong></span> <span class='ocrx_word' id='word_1_281' title='bbox 535 3515 617 3549; x_wconf 88' lang='lat' dir='ltr'><strong>unum</strong></span> <span class='ocrx_word' id='word_1_282' title='bbox 646 3505 730 3548; x_wconf 84' lang='lat' dir='ltr'><strong>castra</strong></span> <span class='ocrx_word' id='word_1_283' title='bbox 750 3498 891 3566; x_wconf 83' lang='lat' dir='ltr'><strong>posuisset.</strong></span> <span class='ocrx_word' id='word_1_284' title='bbox 930 3513 974 3548; x_wconf 83' lang='lat' dir='ltr'><strong>rex</strong></span> <span class='ocrx_word' id='word_1_285' title='bbox 995 3497 1183 3550; x_wconf 80' lang='lat' dir='ltr'><strong>condicionem</strong></span> 
     </span>
     <span class='ocr_line' id='line_1_34' title="bbox 68 3567 1181 3638; baseline 0.001 -18"><span class='ocrx_word' id='word_1_286' title='bbox 68 3569 140 3624; x_wconf 84' lang='lat' dir='ltr'><strong>hanc</strong></span> <span class='ocrx_word' id='word_1_287' title='bbox 158 3569 242 3622; x_wconf 79' lang='lat' dir='ltr'><strong>lisucl</strong></span> <span class='ocrx_word' id='word_1_288' title='bbox 265 3569 378 3628; x_wconf 83' lang='lat' dir='ltr'><strong>abnuit,</strong></span> <span class='ocrx_word' id='word_1_289' title='bbox 395 3570 567 3638; x_wconf 76' lang='lat' dir='ltr'><strong>acceptisque</strong></span> <span class='ocrx_word' id='word_1_290' title='bbox 593 3571 620 3619; x_wconf 89' lang='lat' dir='ltr'><strong>in</strong></span> <span class='ocrx_word' id='word_1_291' title='bbox 641 3571 677 3620; x_wconf 84' lang='lat' dir='ltr'><strong>soi</strong></span> <span class='ocrx_word' id='word_1_292' title='bbox 696 3567 774 3620; x_wconf 77' lang='lat' dir='ltr'><strong>fidem</strong></span> <span class='ocrx_word' id='word_1_293' title='bbox 803 3567 945 3622; x_wconf 82' lang='lat' dir='ltr'><strong>obsidibus</strong></span> <span class='ocrx_word' id='word_1_294' title='bbox 965 3569 1027 3620; x_wconf 81' lang='lat' dir='ltr'><strong>insle</strong></span> <span class='ocrx_word' id='word_1_295' title='bbox 1047 3569 1181 3638; x_wconf 82' lang='lat' dir='ltr'><strong>digressus</strong></span> 
     </span>
     <span class='ocr_line' id='line_1_35' title="bbox 66 3638 1182 3708; baseline -0.002 -14"><span class='ocrx_word' id='word_1_296' title='bbox 66 3653 119 3705; x_wconf 84' lang='lat' dir='ltr'><strong>cst,</strong></span> <span class='ocrx_word' id='word_1_297' title='bbox 142 3651 174 3696; x_wconf 85' lang='lat' dir='ltr'><strong>et</strong></span> <span class='ocrx_word' id='word_1_298' title='bbox 193 3641 315 3694; x_wconf 82' lang='lat' dir='ltr'><strong>veniens</strong></span> <span class='ocrx_word' id='word_1_299' title='bbox 334 3641 444 3707; x_wconf 77' lang='lat' dir='ltr'><strong>Aegium</strong></span> <span class='ocrx_word' id='word_1_300' title='bbox 463 3649 549 3691; x_wconf 84' lang='lat' dir='ltr'><strong>castra</strong></span> <span class='ocrx_word' id='word_1_301' title='bbox 569 3640 686 3699; x_wconf 83' lang='lat' dir='ltr'><strong>locavit,</strong></span> <span class='ocrx_word' id='word_1_302' title='bbox 705 3638 800 3690; x_wconf 83' lang='lat' dir='ltr'><strong>relicto</strong></span> <span class='ocrx_word' id='word_1_303' title='bbox 818 3640 875 3690; x_wconf 91' lang='lat' dir='ltr'><strong>illic</strong></span> <span class='ocrx_word' id='word_1_304' title='bbox 894 3639 1026 3691; x_wconf 82' lang='lat' dir='ltr'><strong>Claasnuze</strong></span> <span class='ocrx_word' id='word_1_305' title='bbox 1046 3641 1182 3708; x_wconf 84' lang='lat' dir='ltr'><strong>Pelopon-</strong></span> 
     </span>
     <span class='ocr_line' id='line_1_36' title="bbox 63 3709 1181 3782; baseline -0.002 -17"><span class='ocrx_word' id='word_1_306' title='bbox 63 3717 124 3765; x_wconf 80' lang='lat' dir='ltr'><strong>nesi</strong></span> <span class='ocrx_word' id='word_1_307' title='bbox 147 3724 179 3766; x_wconf 82' lang='lat' dir='ltr'><strong>et</strong></span> <span class='ocrx_word' id='word_1_308' title='bbox 201 3709 369 3765; x_wconf 82' lang='lat' dir='ltr'><strong>Thessaliae</strong></span> <span class='ocrx_word' id='word_1_309' title='bbox 396 3710 543 3782; x_wconf 85' lang='lat' dir='ltr'><strong>praelecto.</strong></span> <span class='ocrx_word' id='word_1_310' title='bbox 581 3709 652 3761; x_wconf 83' lang='lat' dir='ltr'><strong>launo</strong></span> <span class='ocrx_word' id='word_1_311' title='bbox 671 3711 857 3778; x_wconf 81' lang='lat' dir='ltr'><strong>Peloponneso</strong></span> <span class='ocrx_word' id='word_1_312' title='bbox 884 3719 912 3762; x_wconf 91' lang='lat' dir='ltr'><strong>et</strong></span> <span class='ocrx_word' id='word_1_313' title='bbox 922 3709 1082 3762; x_wconf 83' lang='lat' dir='ltr'><strong>Thessaliae</strong></span> <span class='ocrx_word' id='word_1_314' title='bbox 1101 3729 1181 3780; x_wconf 80' lang='lat' dir='ltr'><strong>prae-</strong></span> 
     </span>
     <span class='ocr_line' id='line_1_37' title="bbox 64 3781 1181 3852; baseline 0.001 -18"><span class='ocrx_word' id='word_1_315' title='bbox 64 3783 173 3838; x_wconf 80' lang='lat' dir='ltr'><strong>fecerat</strong></span> <span class='ocrx_word' id='word_1_316' title='bbox 196 3801 263 3844; x_wconf 74' lang='grc' dir='ltr'><strong><em>τοι,</em></strong></span> <span class='ocrx_word' id='word_1_317' title='bbox 284 3799 343 3832; x_wconf 81' lang='lat' dir='ltr'><strong>essm</strong></span> <span class='ocrx_word' id='word_1_318' title='bbox 363 3797 395 3832; x_wconf 81' lang='grc' dir='ltr'><strong>ετ</strong></span> <span class='ocrx_word' id='word_1_319' title='bbox 425 3799 457 3832; x_wconf 87' lang='lat' dir='ltr'><strong>ea</strong></span> <span class='ocrx_word' id='word_1_320' title='bbox 476 3781 609 3849; x_wconf 76' lang='lat' dir='ltr'><strong>dignitate</strong></span> <span class='ocrx_word' id='word_1_321' title='bbox 627 3781 776 3851; x_wconf 81' lang='lat' dir='ltr'><strong>expulisset</strong></span> <span class='ocrx_word' id='word_1_322' title='bbox 794 3783 925 3849; x_wconf 76' lang='lat' dir='ltr'><strong>Zaganusn</strong></span> <span class='ocrx_word' id='word_1_323' title='bbox 956 3791 1067 3852; x_wconf 85' lang='lat' dir='ltr'><strong>propter</strong></span> <span class='ocrx_word' id='word_1_324' title='bbox 1083 3783 1181 3835; x_wconf 79' lang='lat' dir='ltr'><strong>Santo-</strong></span> 
     </span>
     <span class='ocr_line' id='line_1_38' title="bbox 61 3852 1177 3910; baseline -0.001 -4"><span class='ocrx_word' id='word_1_325' title='bbox 61 3859 167 3910; x_wconf 84' lang='lat' dir='ltr'><strong>mariae</strong></span> <span class='ocrx_word' id='word_1_326' title='bbox 189 3854 392 3908; x_wconf 86' lang='lat' dir='ltr'><strong>calamitatem.</strong></span> <span class='ocrx_word' id='word_1_327' title='bbox 415 3853 462 3904; x_wconf 89' lang='lat' dir='ltr'><strong>ille</strong></span> <span class='ocrx_word' id='word_1_328' title='bbox 481 3861 571 3904; x_wconf 84' lang='lat' dir='ltr'><strong>autem</strong></span> <span class='ocrx_word' id='word_1_329' title='bbox 585 3855 672 3904; x_wconf 87' lang='lat' dir='ltr'><strong>iussus</strong></span> <span class='ocrx_word' id='word_1_330' title='bbox 684 3869 793 3904; x_wconf 81' lang='lat' dir='ltr'><strong>manere</strong></span> <span class='ocrx_word' id='word_1_331' title='bbox 813 3859 843 3902; x_wconf 89' lang='lat' dir='ltr'><strong>ut</strong></span> <span class='ocrx_word' id='word_1_332' title='bbox 860 3868 946 3902; x_wconf 78' lang='lat' dir='ltr'><strong>arcem</strong></span> <span class='ocrx_word' id='word_1_333' title='bbox 963 3856 990 3903; x_wconf 88' lang='lat' dir='ltr'><strong>in</strong></span> <span class='ocrx_word' id='word_1_334' title='bbox 1009 3852 1177 3905; x_wconf 81' lang='lat' dir='ltr'><strong>deditionem</strong></span> 
     </span>
     <span class='ocr_line' id='line_1_39' title="bbox 60 3923 1177 3998; baseline -0.002 -20"><span class='ocrx_word' id='word_1_335' title='bbox 60 3937 190 3998; x_wconf 83' lang='lat' dir='ltr'><strong>caperet,</strong></span> <span class='ocrx_word' id='word_1_336' title='bbox 211 3933 329 3997; x_wconf 84' lang='lat' dir='ltr'><strong>postero</strong></span> <span class='ocrx_word' id='word_1_337' title='bbox 347 3923 392 3975; x_wconf 69' lang='lat' dir='ltr'><strong>ulie</strong></span> <span class='ocrx_word' id='word_1_338' title='bbox 416 3933 534 3976; x_wconf 81' lang='lat' dir='ltr'><strong>moratus</strong></span> <span class='ocrx_word' id='word_1_339' title='bbox 557 3933 615 3984; x_wconf 86' lang='lat' dir='ltr'><strong>est,</strong></span> <span class='ocrx_word' id='word_1_340' title='bbox 634 3923 704 3974; x_wconf 87' lang='lat' dir='ltr'><strong>nihil</strong></span> <span class='ocrx_word' id='word_1_341' title='bbox 729 3926 838 3974; x_wconf 83' lang='lat' dir='ltr'><strong>iaciens.</strong></span> <span class='ocrx_word' id='word_1_342' title='bbox 876 3923 972 3974; x_wconf 83' lang='lat' dir='ltr'><strong>Graeci</strong></span> <span class='ocrx_word' id='word_1_343' title='bbox 992 3931 1081 3975; x_wconf 86' lang='lat' dir='ltr'><strong>autom</strong></span> <span class='ocrx_word' id='word_1_344' title='bbox 1103 3925 1177 3993; x_wconf 87' lang='lat' dir='ltr'><strong>peri-</strong></span> 
     </span>
     <span class='ocr_line' id='line_1_40' title="bbox 60 3993 1176 4065; baseline -0.001 -17"><span class='ocrx_word' id='word_1_345' title='bbox 60 4001 159 4052; x_wconf 87' lang='lat' dir='ltr'><strong>culum</strong></span> <span class='ocrx_word' id='word_1_346' title='bbox 185 3995 298 4051; x_wconf 78' lang='lat' dir='ltr'><strong>saccari</strong></span> <span class='ocrx_word' id='word_1_347' title='bbox 319 4013 383 4046; x_wconf 88' lang='lat' dir='ltr'><strong>num</strong></span> <span class='ocrx_word' id='word_1_348' title='bbox 400 3996 463 4047; x_wconf 89' lang='lat' dir='ltr'><strong>satis</strong></span> <span class='ocrx_word' id='word_1_349' title='bbox 479 3995 566 4046; x_wconf 90' lang='lat' dir='ltr'><strong>omnia</strong></span> <span class='ocrx_word' id='word_1_350' title='bbox 586 3995 723 4058; x_wconf 76' lang='lat' dir='ltr'><strong>talasius,</strong></span> <span class='ocrx_word' id='word_1_351' title='bbox 747 3993 877 4065; x_wconf 84' lang='lat' dir='ltr'><strong>quosdam</strong></span> <span class='ocrx_word' id='word_1_352' title='bbox 890 4010 980 4044; x_wconf 84' lang='lat' dir='ltr'><strong>eorum</strong></span> <span class='ocrx_word' id='word_1_353' title='bbox 1002 3995 1049 4064; x_wconf 88' lang='lat' dir='ltr'><strong>qui</strong></span> <span class='ocrx_word' id='word_1_354' title='bbox 1072 3997 1100 4046; x_wconf 92' lang='lat' dir='ltr'><strong>in</strong></span> <span class='ocrx_word' id='word_1_355' title='bbox 1115 4013 1176 4048; x_wconf 82' lang='lat' dir='ltr'><strong>arce</strong></span> 
     </span>
     <span class='ocr_line' id='line_1_41' title="bbox 60 4065 1176 4136; baseline -0.002 -16"><span class='ocrx_word' id='word_1_356' title='bbox 60 4071 177 4124; x_wconf 75' lang='lat' dir='ltr'><strong>fuerant</strong></span> <span class='ocrx_word' id='word_1_357' title='bbox 196 4068 379 4131; x_wconf 82' lang='lat' dir='ltr'><strong>dimiserunt,</strong></span> <span class='ocrx_word' id='word_1_358' title='bbox 398 4075 429 4118; x_wconf 87' lang='lat' dir='ltr'><strong>ut</strong></span> <span class='ocrx_word' id='word_1_359' title='bbox 448 4065 555 4118; x_wconf 83' lang='lat' dir='ltr'><strong>abirent</strong></span> <span class='ocrx_word' id='word_1_360' title='bbox 573 4073 710 4136; x_wconf 85' lang='lat' dir='ltr'><strong>portantes</strong></span> <span class='ocrx_word' id='word_1_361' title='bbox 729 4081 802 4117; x_wconf 79' lang='lat' dir='ltr'><strong>susm</strong></span> <span class='ocrx_word' id='word_1_362' title='bbox 821 4065 1018 4133; x_wconf 80' lang='lat' dir='ltr'><strong>supellectilem</strong></span> <span class='ocrx_word' id='word_1_363' title='bbox 1038 4065 1067 4115; x_wconf 88' lang='lat' dir='ltr'><strong>in</strong></span> <span class='ocrx_word' id='word_1_364' title='bbox 1085 4069 1176 4118; x_wconf 84' lang='lat' dir='ltr'><strong>conli-</strong></span> 
     </span>
     <span class='ocr_line' id='line_1_42' title="bbox 58 4135 1176 4208; baseline -0.004 -14"><span class='ocrx_word' id='word_1_365' title='bbox 58 4153 191 4204; x_wconf 85' lang='lat' dir='ltr'><strong>uentem‚</strong></span> <span class='ocrx_word' id='word_1_366' title='bbox 224 4155 301 4208; x_wconf 83' lang='lat' dir='ltr'><strong>quac</strong></span> <span class='ocrx_word' id='word_1_367' title='bbox 332 4155 364 4190; x_wconf 83' lang='lat' dir='ltr'><strong>ex</strong></span> <span class='ocrx_word' id='word_1_368' title='bbox 388 4136 500 4189; x_wconf 82' lang='lat' dir='ltr'><strong>aduerso</strong></span> <span class='ocrx_word' id='word_1_369' title='bbox 528 4137 709 4207; x_wconf 82' lang='lat' dir='ltr'><strong>Peloponnesi</strong></span> <span class='ocrx_word' id='word_1_370' title='bbox 739 4145 805 4188; x_wconf 83' lang='lat' dir='ltr'><strong>erat.</strong></span> <span class='ocrx_word' id='word_1_371' title='bbox 846 4152 907 4186; x_wconf 82' lang='lat' dir='ltr'><strong>nam</strong></span> <span class='ocrx_word' id='word_1_372' title='bbox 933 4135 996 4186; x_wconf 83' lang='lat' dir='ltr'><strong>iude</strong></span> <span class='ocrx_word' id='word_1_373' title='bbox 1020 4137 1176 4204; x_wconf 76' lang='lat' dir='ltr'><strong>cogitabant</strong></span> 
     </span>
     <span class='ocr_line' id='line_1_43' title="bbox 56 4206 1173 4267; baseline -0.005 -3"><span class='ocrx_word' id='word_1_374' title='bbox 56 4215 181 4267; x_wconf 86' lang='lat' dir='ltr'><strong>transire</strong></span> <span class='ocrx_word' id='word_1_375' title='bbox 205 4211 246 4262; x_wconf 77' lang='lat' dir='ltr'><strong>acl</strong></span> <span class='ocrx_word' id='word_1_376' title='bbox 269 4209 394 4262; x_wconf 85' lang='lat' dir='ltr'><strong>Venetos.</strong></span> <span class='ocrx_word' id='word_1_377' title='bbox 438 4208 488 4260; x_wconf 84' lang='lat' dir='ltr'><strong>hac</strong></span> <span class='ocrx_word' id='word_1_378' title='bbox 513 4210 586 4260; x_wconf 88' lang='lat' dir='ltr'><strong>enim</strong></span> <span class='ocrx_word' id='word_1_379' title='bbox 604 4207 764 4260; x_wconf 78' lang='lat' dir='ltr'><strong>condicione</strong></span> <span class='ocrx_word' id='word_1_380' title='bbox 794 4206 891 4258; x_wconf 81' lang='lat' dir='ltr'><strong>foedus</strong></span> <span class='ocrx_word' id='word_1_381' title='bbox 918 4207 1001 4257; x_wconf 86' lang='lat' dir='ltr'><strong>ictum</strong></span> <span class='ocrx_word' id='word_1_382' title='bbox 1021 4214 1087 4258; x_wconf 85' lang='lat' dir='ltr'><strong>erat.</strong></span> <span class='ocrx_word' id='word_1_383' title='bbox 1124 4207 1173 4260; x_wconf 81' lang='lat' dir='ltr'><strong>laos</strong></span> 
     </span>
     <span class='ocr_line' id='line_1_44' title="bbox 56 4275 1172 4354; baseline -0.005 -20"><span class='ocrx_word' id='word_1_384' title='bbox 56 4287 146 4354; x_wconf 79' lang='lat' dir='ltr'><strong>igitur</strong></span> <span class='ocrx_word' id='word_1_385' title='bbox 166 4297 301 4352; x_wconf 78' lang='lat' dir='ltr'><strong>egressos</strong></span> <span class='ocrx_word' id='word_1_386' title='bbox 321 4281 388 4333; x_wconf 85' lang='lat' dir='ltr'><strong>urbe</strong></span> <span class='ocrx_word' id='word_1_387' title='bbox 404 4289 431 4334; x_wconf 85' lang='lat' dir='ltr'><strong>et</strong></span> <span class='ocrx_word' id='word_1_388' title='bbox 451 4279 485 4331; x_wconf 83' lang='lat' dir='ltr'><strong>asl</strong></span> <span class='ocrx_word' id='word_1_389' title='bbox 505 4280 607 4332; x_wconf 78' lang='lat' dir='ltr'><strong>ubitam</strong></span> <span class='ocrx_word' id='word_1_390' title='bbox 625 4280 770 4330; x_wconf 85' lang='lat' dir='ltr'><strong>lnslructos</strong></span> <span class='ocrx_word' id='word_1_391' title='bbox 791 4275 1000 4348; x_wconf 84' lang='lat' dir='ltr'><strong>comprehendit</strong></span> <span class='ocrx_word' id='word_1_392' title='bbox 1016 4278 1172 4340; x_wconf 76' lang='lat' dir='ltr'><strong>Chaunum,</strong></span> 
     </span>
    </p>
   </div>
   <div class='ocr_carea' id='block_1_5' title="bbox 121 4389 1036 4464">
    <p class='ocr_par' dir='ltr' id='par_1_5' title="bbox 121 4389 1036 4464">
     <span class='ocr_line' id='line_1_45' title="bbox 121 4389 1036 4464; baseline -0.012 -14"><span class='ocrx_word' id='word_1_393' title='bbox 121 4392 392 4464; x_wconf 73' lang='lat' dir='ltr'><strong>Chalcocondylas.</strong></span> <span class='ocrx_word' id='word_1_394' title='bbox 949 4389 982 4442; x_wconf 81' lang='lat'><strong>31</strong></span> <span class='ocrx_word' id='word_1_395' title='bbox 1033 4447 1036 4454; x_wconf 19' lang='grc' dir='ltr'><strong><em>Δ</em></strong></span> 
     </span>
    </p>
   </div>
   <div class='ocr_carea' id='block_1_6' title="bbox 0 0 1540 4944">
    <p class='ocr_par' dir='ltr' id='par_1_6' title="bbox 0 0 1540 4944">
     <span class='ocr_line' id='line_1_46' title="bbox 0 0 1540 4944; baseline 0 13"><span class='ocrx_word' id='word_1_396' title='bbox 0 0 1540 4944; x_wconf 95' lang='lat' dir='ltr'><strong> </strong></span> 
     </span>
    </p>
   </div>
  </div>
 </body>
</html>
