3052 4944
225 967 704 1064 IMMANUELIS
753 965 1079 1073 BEKKERI

415 1159 868 1246 eninrsrio.
1088 1164 1092 1172 ·

550 1335 735 1349 -Μ

116 1501 619 1615 Laenicueralcocondylas
637 1531 678 1594 ut
700 1517 901 1614 argumenti
925 1516 1105 1613 peregrini
1132 1541 1198 1590 co-

116 1651 165 1746 pia
186 1664 222 1723 et
245 1649 424 1726 varietate
449 1647 497 1722 ad
522 1647 717 1748 legendum
738 1649 860 1742 allicit,
883 1649 933 1720 ita
956 1650 1052 1725 lectu
1076 1649 1196 1748 ingra-

116 1785 164 1844 tns
185 1787 251 1864 est,
287 1771 489 1849 emendatu
520 1770 709 1846 difficilis·
746 1773 805 1844 cui
829 1797 914 1846 cum
939 1773 1064 1846 liceret
1088 1773 1196 1870 plane

122 1909 151 1966 et
165 1896 323 1972 dilucide
346 1897 469 1995 loqui,
495 1921 616 1996 eoque
641 1897 693 1968 uti
720 1921 991 1995 sermoneque
1017 1897 1134 1970 Ducas
1160 1909 1198 1970 et

122 2020 299 2096 Phrantzes
323 2021 379 2094 usi
404 2021 545 2096 etiamsi
571 2047 649 2094 non
673 2020 855 2094 delectant
875 2033 912 2094 at
935 2021 1197 2118 intelliguntur,

126 2145 228 2218 naluit
249 2143 483 2222 Herodotum
509 2145 710 2220 aemulam·
742 2146 877 2244 itaque
902 2143 992 2218 dum
1016 2144 1196 2218 lunonem

126 2283 234 2367 captat,
254 2297 278 2344 a
305 2271 403 2344 nube
429 2269 529 2362 adeo,
550 2267 730 2368 decipitur
743 2282 783 2342 ut
804 2293 912 2368 saepe
937 2293 985 2342 ne
1010 2269 1087 2368 ipse
1113 2270 1199 2368 qui·

129 2391 192 2464 den
214 2393 311 2493 quid
341 2393 465 2468 dicere
489 2395 576 2468 velit
612 2416 718 2468 neme
748 2373 936 2468 rideatur.x
977 2391 1199 2492 quidquod

25 2589 27 2594 .
128 2517 223 2590 uultis
248 2522 291 2593 in
306 2519 425 2614 locis,
450 2519 684 2594 eluctantium
716 2519 911 2593 verberum
938 2541 1068 2616 parum
1094 2541 1200 2592 com-

126 2653 308 2742 petatque
333 2641 472 2716 iudicio
505 2667 572 2716 suo
604 2639 793 2736 diffidens,
818 2667 930 2728 unam
966 2640 1198 2739 eandemque

126 2785 185 2836 ren
204 2767 303 2842 binis
326 2768 485 2840 ternisve
516 2765 639 2840 modis
667 2791 744 2840 nen
768 2780 844 2840 tam
871 2765 973 2840 effert
998 2791 1110 2864 quam
1132 2789 1198 2838 co-

129 2902 211 2962 natur
237 2905 277 2966 et
305 2891 490 2990 experitur
517 2890 673 2964 efferrei)
731 2891 864 2964 talibus
897 2890 988 2962 locis
1021 2888 1113 2989 quid
1146 2890 1199 2962 vis

130 3007 219 3086 lacere
241 3017 443 3090 criticum?
494 3039 655 3113 quemne
685 3014 842 3112 scriptor
868 3012 1046 3113 debsgerit
1066 3037 1198 3088 vocum

137 3137 403 3214 stomtionum
433 3138 637 3233 delectum,
675 3163 759 3212 eum
791 3137 839 3211 ad
866 3163 972 3212 suum
1007 3137 1197 3210 arbitrium

135 3253 374 3362 libidinemque
393 3263 583 3338 instituatil
633 3261 751 3337 audax
772 3262 910 3334 facinus
932 3285 1002 3334 nee
1025 3262 1197 3359 cuiquam

128 3377 205 3456 laeile
234 3387 467 3486 placiturum.
494 3387 677 3484 relinquat
697 3386 823 3486 igitur,
848 3386 971 3483 qualia
999 3386 1200 3482 acceperit,

124 3509 429 3608 congemescens
465 3537 542 3584 nun
567 3512 663 3584 bene
698 3511 902 3582 iunctarum
933 3506 1117 3584 discordia
1140 3533 1199 3581 se·

123 3629 204 3706 nina
228 3637 378 3710 rerurnil
428 3637 612 3735 relinquet
636 3661 723 3710 sane
746 3634 985 3732 taediumque
1011 3634 1112 3708 leret.

207 3757 320 3850 Quod
354 3784 431 3834 non
452 3759 535 3832 tulit
569 3761 606 3833 b.
640 3759 871 3834 Hamalerus.
934 3759 965 3832 is
989 3758 1088 3830 enim
1114 3781 1199 3831 cum

122 3893 258 3978 propter
281 3884 476 3982 insignem,
509 3909 583 3983 qua
604 3885 814 3978 excellebat,
838 3884 1039 3956 litterarum
1066 3881 1200 3954 Orien-

122 4001 234 4078 talium
257 4009 446 4084 scientiam
471 4011 629 4084 maxime
664 4009 830 4084 omnium
862 4008 1054 4080 annalibus
1074 4003 1201 4078 Turci·

125 4125 170 4194 eis
198 4129 345 4205 edendis
379 4148 415 4207 et
451 4131 672 4207 illustrandis
706 4132 863 4205 idoneus
895 4155 972 4204 csse
1005 4128 1200 4220 rideretur,

125 4256 343 4329 commissum
365 4257 433 4332 sibi
460 4283 481 4332 a
512 4259 712 4336 Niebuhric
739 4257 938 4331 Laouicum
964 4279 1041 4328 non
1067 4253 1200 4324 inritus
