2990 4970
323 331 397 409 ιιι
572 340 737 412 morirer
775 339 1161 436 culicocouumu

322 491 435 575 οἴσειν,
459 497 512 556 καί
543 489 636 578 σφίσι
664 488 710 573 μὴ
734 494 768 556 ἐν
789 492 891 578 καλιῇ,
913 483 1001 556 οόπω
1022 487 1068 555 ἔτι
1087 492 1339 575 ιιαεεργασμόνης
1359 493 1410 572 τῆς

323 595 449 678 α’ρχῆς,
471 591 654 674 ἀποβαίνειν
674 589 713 654 τό
735 585 918 678 πρόγματδ.
959 592 1116 672 ὑπίσχετο
1138 595 1266 672 μέντοι,
1288 590 1411 656 ἐπειδὰν

323 694 355 768 ἐς
376 690 431 776 τὴν
466 689 571 775 α’ρχῆν
590 693 823 775 παραγένηται,
846 688 903 773 τήν
926 713 961 755 τε
982 689 1074 755 πόλιν
1094 684 1293 776 ἀποδιδόναι,
1314 693 1368 755 καί
1386 689 1412 754 εἴ

322 817 354 858 τι
382 785 458 858 ἄλλο
488 788 664 876 ἐπιτήδειον
692 792 801 865 adroic
830 787 928 856 οἴοιτο
949 787 1106 871 ἔσεσθαι,
1125 788 1206 875 μήτε
1224 794 1281 855 τοῦ
1302 793 1412 855 λοιποῦ

289 887 361 962 lide
380 893 533 976 στερῆσαι
565 885 681 965 αότοός
711 911 795 955 ποτε.
837 890 947 966 πείσας
964 889 1024 970 μὲν
1052 883 1110 956 σόν
1132 887 1202 956 τότε
1223 885 1432 974 resistito-t

322 1016 378 1066 νας
398 983 533 1074 ἤλαυνεν
553 991 585 1064 ἐς
608 985 645 1052 τό
669 989 779 1074 πρόσω
809 994 866 1074 τῆς
889 989 1061 1073 Εόροόπης,
1080 987 1136 1054 καί
1156 990 1359 1074 προσεχώρει
1379 1013 1410 1054 τε

321 1091 410 1178 αὐτῷ
437 1089 605 1170 σύμπαντα
634 1081 676 1164 οἷς
708 1093 839 1171 βασιλεῖ
856 1112 891 1153 τε
922 1080 986 1154 ὅντε
1015 1093 1107 1175 σφοόν
1137 1093 1192 1154 καί
1219 1090 1411 1171 Παιαζῆιεοι

232 1189 415 1254 ν.94παιδί
447 1191 610 1278 γενομένῳ.
667 1189 737 1252 ε’πεί
773 1190 811 1253 δὲ
838 1185 1030 1272 Παιαζὴτης
1059 1180 1176 1276 ᾔσθετο
1203 1185 1336 1254 ἐπιόντα
1365 1187 1414 1252 ε’πί

320 1289 582 1371 Ἀδριανοόπολιν
604 1286 810 1372 (ἐπετρόπευε
832 1289 868 1352 δὲ
889 1291 944 1373 τῆς
963 1285 1084 1362 πόλεως
1110 1289 1338 1374 καταλειφθείς
1356 1285 1411 1351 riri

320 1391 501 1471 Μεχμὲτεω
523 1390 680 1470 βασιλέως
699 1391 754 1454 ε’πί
771 1391 810 1476 τῇ
830 1392 961 1476 τελευτῇ
974 1388 1092 1475 ositeri)
1103 1435 1113 1467 ,
1137 1385 1307 1472 συνήγειρε
1327 1411 1360 1452 τε
1378 1385 1408 1450 τό
1418 1395 1443 1447 10

320 1488 383 1552 α’πὸ
420 1492 477 1572 τῆς
496 1487 653 1573 Εόροόπης
681 1486 882 1570 στράτευμα,
920 1487 975 1552 καί
1001 1487 1127 1572 όπὴντα
1156 1493 1200 1576 api
1229 1489 1410 1574 Μσυυταφᾷ

320 1582 424 1670 timori
443 1591 498 1670 τῆς
519 1585 826 1672 Ἀδριανουπόλεοις,
858 1587 902 1664 οός
936 1586 990 1652 διό
1010 1585 1118 1672 μάχης
1138 1589 1344 1668 ἑλισσόμενος
1363 1583 1411 1650 καὶ

320 1686 363 1772 μὴ
388 1691 571 1772 ἐπιτρέπων,
596 1682 635 1770 ἢν
655 1685 795 1769 δύναιτο,
817 1688 874 1752 ε’πί
890 1686 931 1751 τοὶ
956 1691 1104 1768 praetera
1127 1683 1335 1770 reperiretur.
1373 1681 1409 1758 ός

220 1802 247 1854 Ρ.
261 1792 433 1870 inopinos
464 1783 701 1868 συνταξάμενος
732 1785 841 1874 ἐπῄει,
881 1783 912 1851 οἱ
938 1790 1073 1871 Τοόρποι
1104 1779 1160 1850 edu
1181 1785 1302 1850 ου’τίκα
1321 1779 1409 1874 ᾔεσαν

322 1883 391 1967 ἅμα
412 1883 529 1962 πάντες
562 1886 617 1952 ε’πί
633 1885 689 1951 τόν
710 1889 916 1974 Μουσταφιῖν
944 1889 1000 1950 καί
1026 1887 1241 1968 προσεκύνουν
1263 1880 1439 1966 ciricus-15

322 1991 388 2068 λεά,
409 1988 464 2052 καί
487 1982 583 2060 αότός
604 2009 638 2051 τε
660 1984 850 2070 Παιαζὴοης
877 1982 1164 2070 προσεκύνησεκαί
1184 1985 1222 2049 τὰ
1247 1983 1407 2066 πράγματα
1467 2007 1468 2024 ¹

321 2087 495 2167 παρεδίδου
516 2089 559 2174 τῷ
578 2089 790 2176 Μουσταφᾷ,
812 2087 957 2173 χρῆσθαι
978 2086 1086 2159 adroic
1107 2081 1126 2147 ό
1145 2108 1176 2149 τι
1196 2079 1237 2148 ἂν
1259 2080 1406 2166 [iudicato.
1467 2079 1468 2136 l

322 2189 437 2252 τοῦτον
453 2187 514 2267 μὲν
538 2177 594 2250 σόν
622 2185 730 2268 lupide
762 2185 878 2251 αὐτίκα
901 2187 1004 2249 ου’τοῦ
1031 2184 1244 2270 διεχρήσατο,
1268 2181 1323 2250 καὶ
1340 2181 1409 2246 σ’πε-

261 2281 264 2287 ’
322 2285 446 2352 λαόνωι
475 2282 533 2368 τόν
551 2308 586 2350 τε
615 2285 706 2350 πόλιν
727 2283 801 2368 ἔσχε
836 2287 891 2348 κατ’
909 2285 962 2350 dns*
990 2282 1029 2350 τό
1053 2282 1203 2365 βασίλεια
1223 2284 1410 2368 παρεγένετο.

322 2383 402 2469 μετὰ
433 2388 469 2452 δὲ
500 2389 606 2450 ταῦτα
639 2393 836 2472 συστραφεΐς
863 2382 927 2449 ίετο
956 2382 1012 2450 ε’πί
1032 2382 1090 2467 τήν
1109 2385 1232 2466 Ἀσίαν,
1262 2379 1342 2449 οόστε
1363 2379 1437 2444 tutu

323 2483 380 2570 τὴν
397 2487 452 2571 τῆς
468 2483 578 2562 Ἀσίας
606 2488 773 2578 βασιλείαν
793 2481 896 2573 ἑαυτῷ
925 2480 1206 2570 προσκτησάμενος.
1249 2479 1364 2568 διαβός
1383 2481 1408 2544 δ’

326 2727 483 2782 advenienti
502 2727 662 2800 Mustsphae
681 2727 880 2795 Chersonesus3
902 2735 930 2780 et
948 2728 1023 2782 illico
1041 2745 1104 2781 eum
1123 2742 1211 2798 regern
1227 2727 1406 2788 consalutasit,

326 2811 355 2854 et
379 2817 542 2922 quocunrpue
566 2799 703 2864 duxisset,
722 2801 922 2871 promptissime
946 2800 1139 2870 sequebantur.
1181 2799 1339 2870 Callipolim
1363 2797 1407 2848 sibi

327 2871 396 2926 tradi
416 2871 573 2942 perturbat
593 2873 757 2924 Graecorum
783 2889 838 2923 rex.
866 2873 1023 2942 Mustapiras
1050 2879 1161 2942 paratus
1191 2879 1249 2924 erat
1270 2887 1328 2922 erm
1352 2867 1406 2919 dara
1467 2925 1468 2940 ρ

326 2961 377 2996 nec
395 2945 524 2995 abnuere.
562 2943 643 2994 Turci
666 2959 720 2994 rem
739 2945 818 2994 istam
835 2943 937 3013 iniquis
966 2944 1141 3013 patiebantur
1158 2942 1276 3006 animis,
1293 2957 1350 2992 cunr
1365 2955 1406 3008 pa·

326 3031 386 3066 rusn
404 3013 547 3066 honestum
573 3013 624 3066 sibi
652 3013 710 3065 sors
736 3013 949 3075 arbitrarentur,
968 3031 1050 3081 regno
1076 3013 1198 3066 nondum
1216 3014 1284 3066 satis
1305 3014 1407 3071 iirmsto,

327 3086 420 3138 urbem
438 3087 521 3138 talem
541 3086 650 3136 Graecis
676 3083 786 3146 donare.
829 3093 969 3153 praeterea
995 3086 1025 3136 in
1045 3085 1128 3136 dubio
1159 3085 1248 3136 adhuc
1269 3100 1335 3144 esse,
1353 3095 1404 3132 eum

328 3173 436 3228 regnunt
457 3155 577 3208 nondum
598 3156 663 3210 satis
681 3157 717 3208 rit
730 3155 872 3220 munitum,
893 3171 1011 3226 quonam
1030 3173 1070 3207 res
1089 3165 1233 3226 erupturae
1254 3156 1317 3206 siut.
1353 3152 1407 3222 pol-

327 3229 462 3280 licebatur
480 3229 573 3298 itaque
592 3227 701 3280 Graecis
720 3243 775 3290 rra,
798 3243 857 3276 curn
879 3226 908 3278 in
927 3242 1036 3295 regnum
1054 3229 1182 3291 venisset,
1203 3243 1231 3277 se
1250 3227 1315 3295 ipsis
1333 3221 1407 3274 tradi·

326 3309 417 3354 turum
435 3299 609 3369 Callipolim:
636 3306 775 3368 praeterea
804 3300 826 3348 si
845 3297 951 3368 aliquid
975 3296 1066 3361 aliud,
1095 3298 1171 3369 quod
1199 3298 1251 3348 sibi
1272 3297 1338 3348 utile
1356 3293 1406 3344 iore

326 3377 462 3442 putarent,
479 3369 693 3440 postulaverint,
721 3385 767 3421 eos
788 3383 869 3438 porro
888 3368 963 3420 haud
980 3371 1114 3440 repulsam
1137 3385 1270 3439 passrsros.
1309 3363 1406 3418 Graecis

327 3443 355 3494 in
375 3441 447 3492 hunc
472 3440 581 3492 modurn
608 3441 740 3509 persuasis
756 3447 828 3490 recta
846 3440 875 3489 in
899 3440 1032 3510 Europam
1052 3441 1200 3492 contendit.
1236 3455 1315 3510 quern
1333 3435 1406 3486 adre-

326 3514 447 3565 aientem
465 3529 556 3566 omnes
576 3519 607 3562 ut
626 3525 713 3578 regern
732 3519 761 3562 et
779 3509 901 3562 Paiazitis
922 3511 1008 3562 filium
1029 3513 1209 3582 excipiebant,
1232 3513 1344 3580 eiusque
1360 3507 1406 3556 inr-

326 3585 404 3654 perio
430 3600 459 3634 se
484 3581 690 3634 submittebant.
729 3598 789 3633 curn
816 3581 945 3633 Paiazites
979 3591 1145 3651 compertum
1174 3580 1289 3632 haberet
1312 3579 1406 3630 Musu-

326 3655 407 3725 piram
428 3653 631 3724 Adrianopolim
660 3667 771 3722 pergere
794 3651 899 3721 (urbem
924 3652 996 3705 enim
1024 3655 1104 3706 istam
1128 3653 1237 3722 regebat
1260 3654 1332 3703 iussu
1354 3647 1405 3698 ilc·

326 3725 447 3789 clrmetis‚
465 3727 510 3795 qui
540 3725 655 3777 moriens
681 3723 710 3774 id
734 3724 760 3775 ei
783 3722 934 3797 mandarat)
964 3727 1083 3776 exercitu
1110 3741 1143 3778 ex
1168 3725 1275 3794 Europa
1304 3733 1405 3785 congra-

326 3804 388 3864 gato
425 3796 532 3849 obvium
570 3795 702 3865 processit
733 3793 898 3868 Mustsphae,
924 3812 1004 3864 quam
1043 3798 1164 3865 proximo
1194 3791 1403 3860 Adrianopolim‚

326 3867 405 3936 quasi
424 3875 612 3935 pugnaturus,
631 3882 681 3916 nec
706 3867 897 3934 permissurus,
924 3867 947 3916 si
975 3873 1066 3918 tentae
1085 3867 1153 3920 vires
1171 3867 1292 3928 fuissent,
1309 3877 1364 3914 eum
1380 3859 1403 3907 in

327 3937 402 4005 regni
429 3936 520 3988 sedem
551 3935 707 4006 procedere.
753 3951 813 3986 cusu
842 3935 1000 4006 illustephss
1026 3938 1133 4004 agroino
1167 3937 1311 4005 composito
1337 3945 1401 3981 accc·

327 4008 420 4069 deret,
436 4009 519 4059 'lurci
536 4009 679 4060 confestim
701 4023 793 4059 omnes
819 4004 854 4057 ad
881 4007 1050 4078 Mustapham
1083 4008 1267 4062 transitionem
1294 4003 1401 4058 iaciunt,

327 4093 443 4148 cumque
471 4087 501 4130 ut
529 4095 616 4146 regem
645 4077 767 4130 adorent.
810 4087 949 4148 praeterea
978 4077 1108 4130 Paiaaites
1134 4079 1291 4150 provolutus
1313 4072 1399 4138 adge-

327 4165 381 4200 nus
403 4146 564 4216 llustaphae
590 4165 651 4200 eum
670 4158 703 4200 nt
720 4164 809 4216 regern
826 4148 966 4213 adoravit,
1000 4167 1097 4220 resque
1123 4150 1210 4202 eidem
1237 4144 1356 4204 tradidit,
1375 4146 1398 4187 ιιῑ

327 4237 377 4290 pro
395 4236 444 4272 suo
463 4219 575 4272 arbitrio
597 4228 694 4288 agerat„
730 4219 804 4272 hunc
823 4221 953 4274 continuo
976 4224 1066 4275 necari
1082 4223 1175 4290 iussit5
1195 4222 1342 4286 ducensque
1358 4225 1397 4261 ex·
